@article{taylor1968question,
  title={Question-negotiation and information seeking in libraries},
  author={Taylor, Robert S},
  journal={College \& research libraries},
  volume={29},
  number={3},
  pages={178--194},
  year={1968}
}

@article{belkin1980anomalous,
  title={Anomalous states of knowledge as a basis for information retrieval},
  author={Belkin, Nicholas J},
  journal={Canadian journal of information science},
  volume={5},
  number={1},
  pages={133--143},
  year={1980}
}

@inproceedings{leviathan2023fast,
  title={Fast inference from transformers via speculative decoding},
  author={Leviathan, Yaniv and Kalman, Matan and Matias, Yossi},
  booktitle={International Conference on Machine Learning},
  pages={19274--19286},
  year={2023},
  organization={PMLR}
}

@article{ziegler2019fine,
  title={Fine-tuning language models from human preferences},
  author={Ziegler, Daniel M and Stiennon, Nisan and Wu, Jeffrey and Brown, Tom B and Radford, Alec and Amodei, Dario and Christiano, Paul and Irving, Geoffrey},
  journal={arXiv preprint arXiv:1909.08593},
  year={2019}
}

@book{whiteshahspringer2025,
  title     = "Information Access in the Era of Generative AI",
  editor    = "White, Ryen W. and Shah, Chirag",
  year      = 2025,
  publisher = "Springer Nature",
  address   = "Switzerland"
}

@inproceedings{lin2014microsoft,
  title={Microsoft coco: Common objects in context},
  author={Lin, Tsung-Yi and Maire, Michael and Belongie, Serge and Hays, James and Perona, Pietro and Ramanan, Deva and Doll{\'a}r, Piotr and Zitnick, C Lawrence},
  booktitle={Computer Vision--ECCV 2014: 13th European Conference, Zurich, Switzerland, September 6-12, 2014, Proceedings, Part V 13},
  pages={740--755},
  year={2014},
  organization={Springer}
}