@inproceedings{bang2023multitask,
  title={A Multitask, Multilingual, Multimodal Evaluation of ChatGPT on Reasoning, Hallucination, and Interactivity},
  author={Bang, Yejin and Cahyawijaya, Samuel and Lee, Nayeon and Dai, Wenliang and Su, Dan and Wilie, Bryan and Lovenia, Holy and Ji, Ziwei and Yu, Tiezheng and Chung, Willy and others},
  booktitle={Proceedings of the International Joint Conference on Natural Language Processing and  Conference of the Asia-Pacific Chapter of the Association for Computational Linguistics},
  year={2023}
}

@article{kang2024bridging,
  title={Bridging Law and Data: Augmenting Reasoning via a Semi-Structured Dataset with IRAC methodology},
  author={Kang, Xiaoxi and Qu, Lizhen and Soon, Lay-Ki and Li, Zhuang and Trakic, Adnan},
  journal={arXiv preprint arXiv:2406.13217},
  year={2024}
}

@inproceedings{wang2023plan,
  title={Plan-and-Solve Prompting: Improving Zero-Shot Chain-of-Thought Reasoning by Large Language Models},
  author={Wang, Lei and Xu, Wanyu and Lan, Yihuai and Hu, Zhiqiang and Lan, Yunshi and Lee, Roy Ka-Wei and Lim, Ee-Peng},
  booktitle={Proceedings of the Annual Meeting of the Association for Computational Linguistics (ACL)},
  year={2023}
}

@inproceedings{yaoreact,
  title={ReAct: Synergizing Reasoning and Acting in Language Models},
  author={Yao, Shunyu and Zhao, Jeffrey and Yu, Dian and Du, Nan and Shafran, Izhak and Narasimhan, Karthik R and Cao, Yuan},
  booktitle={Proceedings of the International Conference on Learning Representations (ICLR)},
  year=2022
}

@article{liu2019anticipating,
  title   = {Anticipating stock market of the renowned companies: a knowledge graph approach},
  author  = {Liu, Yang and Zeng, Qingguo and Ordieres Mer{\'e}, Joaqu{\'\i}n and Yang, Huanrui},
  journal = {Complexity},
  volume  = {2019},
  year    = {2019}
}

@inproceedings{baek2023direct,
  title={Direct Fact Retrieval from Knowledge Graphs without Entity Linking},
  author={Baek, Jinheon and Aji, Alham Fikri and Lehmann, Jens and Hwang, Sung Ju},
  booktitle={Proceedings of the Annual Meeting of the Association for Computational Linguistics (ACL)},
  year={2023}
}

@inproceedings{tuan2022towards,
  title={Towards Large-Scale Interpretable Knowledge Graph Reasoning for Dialogue Systems},
  author={Tuan, Yi-Lin and Beygi, Sajjad and Fazel-Zarandi, Maryam and Gao, Qiaozi and Cervone, Alessandra and Wang, William Yang},
  booktitle={Findings of the Association for Computational Linguistics (ACL-Findings)},
  year={2022}
}

@inproceedings{wang2021relational,
  title     = {Relational message passing for knowledge graph completion},
  author    = {Wang, Hongwei and Ren, Hongyu and Leskovec, Jure},
  booktitle = {Proceedings of the ACM International Conference on Knowledge Discovery and Data Mining (KDD)},
  year      = {2021}
}
@inproceedings{xusubgraph,
  title     = {Subgraph Neighboring Relations Infomax for Inductive Link Prediction on Knowledge Graphs},
  author    = {Xu, Xiaohan and Zhang, Peng and He, Yongquan and Chao, Chengpeng and Yan, Chaoyang},
  booktitle = {Proceedings of the International Joint Conference on Artificial Intelligence (IJCAI)},
  year      = {2022}
}
@article{wang2023survey,
  title   = {A Survey on Temporal Knowledge Graph Completion: Taxonomy, Progress, and Prospects},
  author  = {Wang, Jiapu and Wang, Boyue and Qiu, Meikang and Pan, Shirui and Xiong, Bo and Liu, Heng and Luo, Linhao and Liu, Tengfei and Hu, Yongli and Yin, Baocai and others},
  journal = {arXiv preprint arXiv:2308.02457},
  year    = {2023}
}
@article{jordan1999introduction,
  title     = {An introduction to variational methods for graphical models},
  author    = {Jordan, Michael I and Ghahramani, Zoubin and Jaakkola, Tommi S and Saul, Lawrence K},
  journal   = {Machine Learning},
  volume    = {37},
  pages     = {183--233},
  year      = {1999},
  publisher = {Springer}
}
@inproceedings{zhang2022subgraph,
  title     = {Subgraph Retrieval Enhanced Model for Multi-hop Knowledge Base Question Answering},
  author    = {Zhang, Jing and Zhang, Xiaokang and Yu, Jifan and Tang, Jian and Tang, Jie and Li, Cuiping and Chen, Hong},
  booktitle = {Proceedings of the Annual Meeting of the Association for Computational Linguistics (ACL)},
  year      = {2022}
}
@inproceedings{izacard2021leveraging,
  title     = {Leveraging Passage Retrieval with Generative Models for Open Domain Question Answering},
  author    = {Izacard, Gautier and Grave, {\'E}douard},
  booktitle = {Proceedings of the Conference of the European Chapter of the Association for Computational Linguistics},
  year      = {2021}
}
@inproceedings{singh2021end,
  title   = {End-to-end training of multi-document reader and retriever for open-domain question answering},
  author  = {Singh, Devendra and Reddy, Siva and Hamilton, Will and Dyer, Chris and Yogatama, Dani},
  booktitle = {Proceedings of the Conference on Neural Information Processing Systems (NeurIPS)},
  year    = {2021}
}
@inproceedings{he2021improving,
  title     = {Improving multi-hop knowledge base question answering by learning intermediate supervision signals},
  author    = {He, Gaole and Lan, Yunshi and Jiang, Jing and Zhao, Wayne Xin and Wen, Ji-Rong},
  booktitle = {Proceedings of the ACM International Conference on Web Search and Data Mining (WSDM)},
  year      = {2021}
}

@article{wang2023knowledge,
  title   = {Knowledge-Driven CoT: Exploring Faithful Reasoning in LLMs for Knowledge-intensive Question Answering},
  author  = {Wang, Keheng and Duan, Feiyu and Wang, Sirui and Li, Peiguang and Xian, Yunsen and Yin, Chuantao and Rong, Wenge and Xiong, Zhang},
  journal = {arXiv preprint arXiv:2308.13259},
  year    = {2023} 
}

@article{huang2024can,
  title={Can LLMs Effectively Leverage Graph Structural Information through Prompts, and Why?},
  author={Huang, Jin and Zhang, Xingjian and Mei, Qiaozhu and Ma, Jiaqi},
  journal={Transactions on Machine Learning Research},
  year={2024}
}

@article{fredkin1960trie,
  title={Trie memory},
  author={Fredkin, Edward},
  journal={Communications of the ACM},
  volume={3},
  number={9},
  pages={490--499},
  year={1960},
  publisher={ACM New York, NY, USA}
}

@article{luo2024graph,
  title={Graph-constrained Reasoning: Faithful Reasoning on Knowledge Graphs with Large Language Models},
  author={Luo, Linhao and Zhao, Zicheng and Gong, Chen and Haffari, Gholamreza and Pan, Shirui},
  journal={arXiv preprint arXiv:2410.13080},
  year={2024}
}

@article{huang2023survey,
  title={A survey on hallucination in large language models: Principles, taxonomy, challenges, and open questions},
  author={Huang, Lei and Yu, Weijiang and Ma, Weitao and Zhong, Weihong and Feng, Zhangyin and Wang, Haotian and Chen, Qianglong and Peng, Weihua and Feng, Xiaocheng and Qin, Bing and others},
  journal={arXiv preprint arXiv:2311.05232},
  year={2023}
}

@article{agrawal2023can,
  title={Can knowledge graphs reduce hallucinations in llms?: A survey},
  author={Agrawal, Garima and Kumarage, Tharindu and Alghamdi, Zeyad and Liu, Huan},
  journal={arXiv preprint arXiv:2311.07914},
  year={2023}
}

@inproceedings{nguyen-etal-2024-direct,
    title = "Direct Evaluation of Chain-of-Thought in Multi-hop Reasoning with Knowledge Graphs",
    author = "Nguyen, Thi  and
      Luo, Linhao  and
      Shiri, Fatemeh  and
      Phung, Dinh  and
      Li, Yuan-Fang  and
      Vu, Thuy-Trang  and
      Haffari, Gholamreza",
    booktitle = "Findings of the Association for Computational Linguistics: ACL (ACL-Findings)",
    year = "2024",
}

@inproceedings{li2023graph,
  title={Graph Reasoning for Question Answering with Triplet Retrieval},
  author={Li, Shiyang and Gao, Yifan and Jiang, Haoming and Yin, Qingyu and Li, Zheng and Yan, Xifeng and Zhang, Chao and Yin, Bing},
  booktitle={Findings of the Association for Computational Linguistics: ACL (ACL-Findings)},
  year={2023}
}

@inproceedings{dehghan-etal-2024-ewek,
    title = "{EWEK}-{QA} : Enhanced Web and Efficient Knowledge Graph Retrieval for Citation-based Question Answering Systems",
    author = "Dehghan, Mohammad  and
      Alomrani, Mohammad  and
      Bagga, Sunyam  and
      Alfonso-Hermelo, David  and
      Bibi, Khalil  and
      Ghaddar, Abbas  and
      Zhang, Yingxue  and
      Li, Xiaoguang  and
      Hao, Jianye  and
      Liu, Qun  and
      Lin, Jimmy  and
      Chen, Boxing  and
      Parthasarathi, Prasanna  and
      Biparva, Mahdi  and
      Rezagholizadeh, Mehdi",
    booktitle = "Findings of the Association for Computational Linguistics: ACL (ACL-Findings)",
    year = "2024",
}

@article{zhao2024steering,
  title={Steering Knowledge Selection Behaviours in LLMs via SAE-Based Representation Engineering},
  author={Zhao, Yu and Devoto, Alessio and Hong, Giwon and Du, Xiaotang and Gema, Aryo Pradipta and Wang, Hongru and Wong, Kam-Fai and Minervini, Pasquale},
  journal={arXiv preprint arXiv:2410.15999},
  year={2024}
}

@article{wang2024astute,
  title={Astute RAG: Overcoming Imperfect Retrieval Augmentation and Knowledge Conflicts for Large Language Models},
  author={Wang, Fei and Wan, Xingchen and Sun, Ruoxi and Chen, Jiefeng and Ar{\i}k, Sercan {\"O}},
  journal={arXiv preprint arXiv:2410.07176},
  year={2024}
}

@article{zhu2022multi,
  title={Multi-modal knowledge graph construction and application: A survey},
  author={Zhu, Xiangru and Li, Zhixu and Wang, Xiaodan and Jiang, Xueyao and Sun, Penglei and Wang, Xuwu and Xiao, Yanghua and Yuan, Nicholas Jing},
  journal={IEEE Transactions on Knowledge and Data Engineering},
  volume={36},
  number={2},
  pages={715--735},
  year={2022},
  publisher={IEEE}
}

@inproceedings{long2024generative,
  title={Generative multi-modal knowledge retrieval with large language models},
  author={Long, Xinwei and Zeng, Jiali and Meng, Fandong and Ma, Zhiyuan and Zhang, Kaiyan and Zhou, Bowen and Zhou, Jie},
  booktitle={Proceedings of the AAAI International Conference on Artificial Intelligence (AAAI)},
  year={2024}
}

@article{kumar2023certifying,
  title={Certifying llm safety against adversarial prompting},
  author={Kumar, Aounon and Agarwal, Chirag and Srinivas, Suraj and Li, Aaron Jiaxun and Feizi, Soheil and Lakkaraju, Himabindu},
  journal={arXiv preprint arXiv:2309.02705},
  year={2023}
}

@article{cheng2024trojanrag,
  title={TrojanRAG: Retrieval-Augmented Generation Can Be Backdoor Driver in Large Language Models},
  author={Cheng, Pengzhou and Ding, Yidong and Ju, Tianjie and Wu, Zongru and Du, Wei and Yi, Ping and Zhang, Zhuosheng and Liu, Gongshen},
  journal={arXiv preprint arXiv:2405.13401},
  year={2024}
}