@inproceedings{
kojima2022large,
title={Large Language Models are Zero-Shot Reasoners},
author={Takeshi Kojima and Shixiang Shane Gu and Machel Reid and Yutaka Matsuo and Yusuke Iwasawa},
booktitle={Advances in Neural Information Processing Systems},
editor={Alice H. Oh and Alekh Agarwal and Danielle Belgrave and Kyunghyun Cho},
year={2022},
url={https://openreview.net/forum?id=e2TBb5y0yFf}
}

@article{bommasani2021opportunities,
  title={On the opportunities and risks of foundation models},
  author={Bommasani, Rishi and Hudson, Drew A and Adeli, Ehsan and Altman, Russ and Arora, Simran and von Arx, Sydney and Bernstein, Michael S and Bohg, Jeannette and Bosselut, Antoine and Brunskill, Emma and others},
  journal={arXiv preprint arXiv:2108.07258},
  year={2021}
}

@article{wang2021adversarial,
  title={Adversarial glue: A multi-task benchmark for robustness evaluation of language models},
  author={Wang, Boxin and Xu, Chejian and Wang, Shuohang and Gan, Zhe and Cheng, Yu and Gao, Jianfeng and Awadallah, Ahmed Hassan and Li, Bo},
  journal={arXiv preprint arXiv:2111.02840},
  year={2021}
}

@inproceedings{williams2018broad,
  title={A broad-coverage challenge corpus for sentence understanding through inference},
  author={Williams, Adina and Nangia, Nikita and Bowman, Samuel R},
  booktitle={2018 Conference of the North American Chapter of the Association for Computational Linguistics: Human Language Technologies, NAACL HLT 2018},
  pages={1112--1122},
  year={2018},
  organization={Association for Computational Linguistics (ACL)}
}

@inproceedings{rajpurkar2016squad,
  title={SQuAD: 100,000+ Questions for Machine Comprehension of Text},
  author={Rajpurkar, Pranav and Zhang, Jian and Lopyrev, Konstantin and Liang, Percy},
  booktitle={Proceedings of the 2016 Conference on Empirical Methods in Natural Language Processing},
  pages={2383--2392},
  year={2016}
}


@article{clark2020electra,
  title={Electra: Pre-training text encoders as discriminators rather than generators},
  author={Clark, Kevin and Luong, Minh-Thang and Le, Quoc V and Manning, Christopher D},
  journal={arXiv preprint arXiv:2003.10555},
  year={2020}
}

@inproceedings{lample2019crosslingual,
  title={Cross-lingual language model pretraining},
  author={Lample, Guillaume and Conneau, Alexis},
  booktitle={Advances in Neural Information Processing Systems},
  pages={7059--7069},
  year={2019}
}

@inproceedings{nie2020adversarial,
  title={Adversarial NLI: A New Benchmark for Natural Language Understanding},
  author={Nie, Yixin and Williams, Adina and Dinan, Emily and Bansal, Mohit and Weston, Jason and Kiela, Douwe},
  booktitle={Proceedings of the 58th Annual Meeting of the Association for Computational Linguistics},
  pages={4885--4901},
  year={2020}
}

@inproceedings{socher2013recursive,
  title={Recursive deep models for semantic compositionality over a sentiment treebank},
  author={Socher, Richard and Perelygin, Alex and Wu, Jean and Chuang, Jason and Manning, Christopher D and Ng, Andrew Y and Potts, Christopher},
  booktitle={Proceedings of the 2013 conference on empirical methods in natural language processing},
  pages={1631--1642},
  year={2013}
}

@article{zhang2022opt,
  title={Opt: Open pre-trained transformer language models},
  author={Zhang, Susan and Roller, Stephen and Goyal, Naman and Artetxe, Mikel and Chen, Moya and Chen, Shuohui and Dewan, Christopher and Diab, Mona and Li, Xian and Lin, Xi Victoria and others},
  journal={arXiv preprint arXiv:2205.01068},
  year={2022}
}

@article{christiano2017deep,
  title={Deep reinforcement learning from human preferences},
  author={Christiano, Paul F and Leike, Jan and Brown, Tom and Martic, Miljan and Legg, Shane and Amodei, Dario},
  journal={Advances in neural information processing systems},
  volume={30},
  year={2017}
}

@article{bang2023multitask,
  title={A Multitask, Multilingual, Multimodal Evaluation of ChatGPT on Reasoning, Hallucination, and Interactivity},
  author={Bang, Yejin and Cahyawijaya, Samuel and Lee, Nayeon and Dai, Wenliang and Su, Dan and Wilie, Bryan and Lovenia, Holy and Ji, Ziwei and Yu, Tiezheng and Chung, Willy and others},
  journal={arXiv preprint arXiv:2302.04023},
  year={2023}
}

@article{azaria2022chatgpt,
  title={ChatGPT Usage and Limitations},
  author={Azaria, Amos},
  year={2022}
}

@article{gozalo2023chatgpt,
  title={ChatGPT is not all you need. A State of the Art Review of large Generative AI models},
  author={Gozalo-Brizuela, Roberto and Garrido-Merchan, Eduardo C},
  journal={arXiv preprint arXiv:2301.04655},
  year={2023}
}

@article{qin2023chatgpt,
  title={Is ChatGPT a General-Purpose Natural Language Processing Task Solver?},
  author={Qin, Chengwei and Zhang, Aston and Zhang, Zhuosheng and Chen, Jiaao and Yasunaga, Michihiro and Yang, Diyi},
  journal={arXiv preprint arXiv:2302.06476},
  year={2023}
}

@article{hacker2023regulating,
  title={Regulating ChatGPT and other Large Generative AI Models},
  author={Hacker, Philipp and Engel, Andreas and Mauer, Marco},
  journal={arXiv preprint arXiv:2302.02337},
  year={2023}
}

@misc{shen2023chatgpt,
  title={ChatGPT and Other Large Language Models Are Double-edged Swords},
  author={Shen, Yiqiu and Heacock, Laura and Elias, Jonathan and Hentel, Keith D and Reig, Beatriu and Shih, George and Moy, Linda},
  journal={Radiology},
  pages={230163},
  year={2023},
  publisher={Radiological Society of North America}
}

@article{zhuo2023exploring,
  title={Exploring AI Ethics of ChatGPT: A Diagnostic Analysis},
  author={Zhuo, Terry Yue and Huang, Yujin and Chen, Chunyang and Xing, Zhenchang},
  journal={arXiv preprint arXiv:2301.12867},
  year={2023}
}

@article{khalil2023will,
  title={Will ChatGPT get you caught? Rethinking of Plagiarism Detection},
  author={Khalil, Mohammad and Er, Erkan},
  journal={arXiv preprint arXiv:2302.04335},
  year={2023}
}

@article{susnjak2022chatgpt,
  title={ChatGPT: The End of Online Exam Integrity?},
  author={Susnjak, Teo},
  journal={arXiv preprint arXiv:2212.09292},
  year={2022}
}

@article{guo2023close,
  title={How Close is ChatGPT to Human Experts? Comparison Corpus, Evaluation, and Detection},
  author={Guo, Biyang and Zhang, Xin and Wang, Ziyuan and Jiang, Minqi and Nie, Jinran and Ding, Yuxuan and Yue, Jianwei and Wu, Yupeng},
  journal={arXiv preprint arXiv:2301.07597},
  year={2023}
}

@article{m2022exploring,
  title={Exploring the role of artificial intelligence in enhancing academic performance: A case study of ChatGPT},
  author={M Alshater, Muneer},
  journal={Available at SSRN},
  year={2022}
}

@article{maus2023adversarial,
  title={Adversarial Prompting for Black Box Foundation Models},
  author={Maus, Natalie and Chao, Patrick and Wong, Eric and Gardner, Jacob},
  journal={arXiv preprint arXiv:2302.04237},
  year={2023}
}

@misc{gpt-j,
  author = {Wang, Ben and Komatsuzaki, Aran},
  title = {{GPT-J-6B: A 6 Billion Parameter Autoregressive Language Model}},
  howpublished = {\url{https://github.com/kingoflolz/mesh-transformer-jax}},
  year = 2021,
  month = May
}

@inproceedings{radford2021learning,
  title={Learning transferable visual models from natural language supervision},
  author={Radford, Alec and Kim, Jong Wook and Hallacy, Chris and Ramesh, Aditya and Goh, Gabriel and Agarwal, Sandhini and Sastry, Girish and Askell, Amanda and Mishkin, Pamela and Clark, Jack and others},
  booktitle={International conference on machine learning},
  pages={8748--8763},
  year={2021},
  organization={PMLR}
}

@inproceedings{beery2018recognition,
  title={Recognition in terra incognita},
  author={Beery, Sara and Van Horn, Grant and Perona, Pietro},
  booktitle={Proceedings of the European conference on computer vision (ECCV)},
  pages={456--473},
  year={2018}
}

@misc{neox20b,
  doi = {10.48550/ARXIV.2204.06745},
  
  url = {https://arxiv.org/abs/2204.06745},
  
  author = {Black, Sid and Biderman, Stella and Hallahan, Eric and Anthony, Quentin and Gao, Leo and Golding, Laurence and He, Horace and Leahy, Connor and McDonell, Kyle and Phang, Jason and Pieler, Michael and Prashanth, USVSN Sai and Purohit, Shivanshu and Reynolds, Laria and Tow, Jonathan and Wang, Ben and Weinbach, Samuel},
  
  keywords = {Computation and Language (cs.CL), FOS: Computer and information sciences, FOS: Computer and information sciences},
  
  title = {GPT-NeoX-20B: An Open-Source Autoregressive Language Model},
  
  publisher = {arXiv},
  
  year = {2022},
  
  copyright = {Creative Commons Attribution 4.0 International}
}

@misc{mesh-transformer-jax,
  author = {Wang, Ben},
  title = {{Mesh-Transformer-JAX: Model-Parallel Implementation of Transformer Language Model with JAX}},
  howpublished = {\url{https://github.com/kingoflolz/mesh-transformer-jax}},
  year = 2021,
  month = May
}

@article{choi2023chatgpt,
  title={ChatGPT Goes to Law School},
  author={Choi, Jonathan H and Hickman, Kristin E and Monahan, Amy and Schwarcz, Daniel},
  journal={Available at SSRN},
  year={2023}
}

@article{chung2022scaling,
  title={Scaling instruction-finetuned language models},
  author={Chung, Hyung Won and Hou, Le and Longpre, Shayne and Zoph, Barret and Tay, Yi and Fedus, William and Li, Eric and Wang, Xuezhi and Dehghani, Mostafa and Brahma, Siddhartha and others},
  journal={arXiv preprint arXiv:2210.11416},
  year={2022}
}

@article{bengio2021deep,
  title={Deep learning for AI},
  author={Bengio, Yoshua and Lecun, Yann and Hinton, Geoffrey},
  journal={Communications of the ACM},
  volume={64},
  number={7},
  pages={58--65},
  year={2021},
  publisher={ACM New York, NY, USA}
}

@article{xie2023translating,
  title={Translating Natural Language to Planning Goals with Large-Language Models},
  author={Xie, Yaqi and Yu, Chen and Zhu, Tongyao and Bai, Jinbin and Gong, Ze and Soh, Harold},
  journal={arXiv preprint arXiv:2302.05128},
  year={2023}
}

@article{tabone2023using,
  title={Using ChatGPT for Human--Computer Interaction Research: A Primer},
  author={Tabone, Wilbert and de Winter, Joost},
  year={2023}
}

@article{jeblick2022chatgpt,
  title={ChatGPT Makes Medicine Easy to Swallow: An Exploratory Case Study on Simplified Radiology Reports},
  author={Jeblick, Katharina and Schachtner, Balthasar and Dexl, Jakob and Mittermeier, Andreas and St{\"u}ber, Anna Theresa and Topalis, Johanna and Weber, Tobias and Wesp, Philipp and Sabel, Bastian and Ricke, Jens and others},
  journal={arXiv preprint arXiv:2212.14882},
  year={2022}
}

@article{van2023chatgpt,
  title={ChatGPT: five priorities for research},
  author={van Dis, Eva AM and Bollen, Johan and Zuidema, Willem and van Rooij, Robert and Bockting, Claudi L},
  journal={Nature},
  volume={614},
  number={7947},
  pages={224--226},
  year={2023},
  publisher={Nature Publishing Group UK London}
}

@misc{biswas2023chatgpt,
  title={ChatGPT and the Future of Medical Writing},
  author={Biswas, Som},
  journal={Radiology},
  pages={223312},
  year={2023},
  publisher={Radiological Society of North America}
}

@misc{sanh2021multitask,
      title={Multitask Prompted Training Enables Zero-Shot Task Generalization},
      author={Victor Sanh and Albert Webson and Colin Raffel and Stephen H. Bach and Lintang Sutawika and Zaid Alyafeai and Antoine Chaffin and Arnaud Stiegler and Teven Le Scao and Arun Raja and Manan Dey and M Saiful Bari and Canwen Xu and Urmish Thakker and Shanya Sharma Sharma and Eliza Szczechla and Taewoon Kim and Gunjan Chhablani and Nihal Nayak and Debajyoti Datta and Jonathan Chang and Mike Tian-Jian Jiang and Han Wang and Matteo Manica and Sheng Shen and Zheng Xin Yong and Harshit Pandey and Rachel Bawden and Thomas Wang and Trishala Neeraj and Jos Rozen and Abheesht Sharma and Andrea Santilli and Thibault Fevry and Jason Alan Fries and Ryan Teehan and Stella Biderman and Leo Gao and Tali Bers and Thomas Wolf and Alexander M. Rush},
      year={2021},
      eprint={2110.08207},
      archivePrefix={arXiv},
      primaryClass={cs.LG}
}

@article{shen2021towards,
  title={Towards out-of-distribution generalization: A survey},
  author={Shen, Zheyan and Liu, Jiashuo and He, Yue and Zhang, Xingxuan and Xu, Renzhe and Yu, Han and Cui, Peng},
  journal={arXiv preprint arXiv:2108.13624},
  year={2021}
}

@article{scao2022bloom,
  title={Bloom: A 176b-parameter open-access multilingual language model},
  author={Scao, Teven Le and Fan, Angela and Akiki, Christopher and Pavlick, Ellie and Ili{\'c}, Suzana and Hesslow, Daniel and Castagn{\'e}, Roman and Luccioni, Alexandra Sasha and Yvon, Fran{\c{c}}ois and Gall{\'e}, Matthias and others},
  journal={arXiv preprint arXiv:2211.05100},
  year={2022}
}

@article{raffel2020exploring,
  title={Exploring the limits of transfer learning with a unified text-to-text transformer},
  author={Raffel, Colin and Shazeer, Noam and Roberts, Adam and Lee, Katherine and Narang, Sharan and Matena, Michael and Zhou, Yanqi and Li, Wei and Liu, Peter J},
  journal={The Journal of Machine Learning Research},
  volume={21},
  number={1},
  pages={5485--5551},
  year={2020},
  publisher={JMLRORG}
}

@article{wang2022generalizing,
  title={Generalizing to unseen domains: A survey on domain generalization},
  author={Wang, Jindong and Lan, Cuiling and Liu, Chang and Ouyang, Yidong and Qin, Tao and Lu, Wang and Chen, Yiqiang and Zeng, Wenjun and Yu, Philip},
  journal={IEEE Transactions on Knowledge and Data Engineering},
  year={2022},
  publisher={IEEE}
}

@article{ilyas2019adversarial,
  title={Adversarial examples are not bugs, they are features},
  author={Ilyas, Andrew and Santurkar, Shibani and Tsipras, Dimitris and Engstrom, Logan and Tran, Brandon and Madry, Aleksander},
  journal={Advances in neural information processing systems},
  volume={32},
  year={2019}
}

@article{madry2017towards,
  title={Towards deep learning models resistant to adversarial attacks},
  author={Madry, Aleksander and Makelov, Aleksandar and Schmidt, Ludwig and Tsipras, Dimitris and Vladu, Adrian},
  journal={arXiv preprint arXiv:1706.06083},
  year={2017}
}

@article{goodfellow2014explaining,
  title={Explaining and harnessing adversarial examples},
  author={Goodfellow, Ian J and Shlens, Jonathon and Szegedy, Christian},
  journal={arXiv preprint arXiv:1412.6572},
  year={2014}
}

@inproceedings{wang2019glue,
  title={{GLUE}: A Multi-Task Benchmark and Analysis Platform for Natural Language Understanding},
  author={Wang, Alex and Singh, Amanpreet and Michael, Julian and Hill, Felix and Levy, Omer and Bowman, Samuel R.},
  note={In the Proceedings of ICLR.},
  year={2019}
}

 @misc{flipkart_2023,
	title={Flipkart Product reviews with sentiment Dataset},
	url={https://www.kaggle.com/dsv/4940809},
	DOI={10.34740/KAGGLE/DSV/4940809},
	publisher={Kaggle},
	author={Nirali Vaghani and Mansi Thummar},
	year={2023}
}

@article{tchango2022ddxplus,
  title={DDXPlus: A New Dataset For Automatic Medical Diagnosis},
  author={Tchango, Arsene Fansi and Goel, Rishab and Wen, Zhi and Martel, Julien and Ghosn, Joumana},
  journal={Proceedings of the Neural Information Processing Systems-Track on Datasets and Benchmarks},
  volume={2},
  year={2022}
}

@article{dehghani2023scaling,
  title={Scaling Vision Transformers to 22 Billion Parameters},
  author={Dehghani, Mostafa and Djolonga, Josip and Mustafa, Basil and Padlewski, Piotr and Heek, Jonathan and Gilmer, Justin and Steiner, Andreas and Caron, Mathilde and Geirhos, Robert and Alabdulmohsin, Ibrahim and others},
  journal={arXiv preprint arXiv:2302.05442},
  year={2023}
}

@article{agostinelli2023musiclm,
  title={MusicLM: Generating Music From Text},
  author={Agostinelli, Andrea and Denk, Timo I and Borsos, Zal{\'a}n and Engel, Jesse and Verzetti, Mauro and Caillon, Antoine and Huang, Qingqing and Jansen, Aren and Roberts, Adam and Tagliasacchi, Marco and others},
  journal={arXiv preprint arXiv:2301.11325},
  year={2023}
}

@article{lee2020biobert,
  title={BioBERT: a pre-trained biomedical language representation model for biomedical text mining},
  author={Lee, Jinhyuk and Yoon, Wonjin and Kim, Sungdong and Kim, Donghyeon and Kim, Sunkyu and So, Chan Ho and Kang, Jaewoo},
  journal={Bioinformatics},
  volume={36},
  number={4},
  pages={1234--1240},
  year={2020},
  publisher={Oxford University Press}
}

@article{luo2022biogpt,
  title={BioGPT: generative pre-trained transformer for biomedical text generation and mining},
  author={Luo, Renqian and Sun, Liai and Xia, Yingce and Qin, Tao and Zhang, Sheng and Poon, Hoifung and Liu, Tie-Yan},
  journal={Briefings in Bioinformatics},
  volume={23},
  number={6},
  year={2022},
  publisher={Oxford Academic}
}

@article{radford2022robust,
  title={Robust speech recognition via large-scale weak supervision},
  author={Radford, Alec and Kim, Jong Wook and Xu, Tao and Brockman, Greg and McLeavey, Christine and Sutskever, Ilya},
  journal={arXiv preprint arXiv:2212.04356},
  year={2022}
}

@article{valiant1984theory,
  title={A theory of the learnable},
  author={Valiant, Leslie G},
  journal={Communications of the ACM},
  volume={27},
  number={11},
  pages={1134--1142},
  year={1984},
  publisher={ACM New York, NY, USA}
}

@article{ben2010theory,
  title={A theory of learning from different domains},
  author={Ben-David, Shai and Blitzer, John and Crammer, Koby and Kulesza, Alex and Pereira, Fernando and Vaughan, Jennifer Wortman},
  journal={Machine learning},
  volume={79},
  pages={151--175},
  year={2010},
  publisher={Springer}
}

@article{devlin2018bert,
  title={Bert: Pre-training of deep bidirectional transformers for language understanding},
  author={Devlin, Jacob and Chang, Ming-Wei and Lee, Kenton and Toutanova, Kristina},
  journal={arXiv preprint arXiv:1810.04805},
  year={2018}
}

@inproceedings{radford2018improving,
  title={Improving language understanding by generative pre-training},
  author={Radford, Alec and Narasimhan, Karthik and Salimans, Tim and Sutskever, Ilya},
  booktitle={Advances in neural information processing systems},
  pages={8735--8745},
  year={2018}
}



@article{he2020deberta,
  title={Deberta: Decoding-enhanced bert with disentangled attention},
  author={He, Pengcheng and Liu, Xiaodong and Gao, Jianfeng and Chen, Weizhu},
  journal={arXiv preprint arXiv:2006.03654},
  year={2020}
}

@article{brown2020language,
  title={Language models are few-shot learners},
  author={Brown, Tom and Mann, Benjamin and Ryder, Nick and Subbiah, Melanie and Kaplan, Jared D and Dhariwal, Prafulla and Neelakantan, Arvind and Shyam, Pranav and Sastry, Girish and Askell, Amanda and others},
  journal={Advances in neural information processing systems},
  volume={33},
  pages={1877--1901},
  year={2020}
}

@article{radford2019language,
  title={Language models are unsupervised multitask learners},
  author={Radford, Alec and Wu, Jeffrey and Child, Rewon and Luan, David and Amodei, Dario and Sutskever, Ilya and others},
  journal={OpenAI blog},
  volume={1},
  number={8},
  pages={9},
  year={2019}
}




@article{liu2019roberta,
  title={RoBERTa: A Robustly Optimized BERT Pretraining Approach},
  author={Liu, Yinhan and Ott, Myle and Goyal, Naman and Du, Jingfei and Joshi, Mandar and Chen, Danqi and Levy, Omer and Lewis, Mike and Zettlemoyer, Luke and Stoyanov, Veselin},
  journal={arXiv preprint arXiv:1907.11692},
  year={2019}
}

@article{raffel2019exploring,
  title={Exploring the limits of transfer learning with a unified text-to-text transformer},
  author={Raffel, Colin and Shazeer, Noam and Roberts, Adam and Lee, Katherine and Narang, Sharan and Matena, Michael and Zhou, Yanqi and Li, Wei and Liu, Peter J},
  journal={arXiv preprint arXiv:1910.10683},
  year={2019}
}

@inproceedings{lewis2020bart,
  title={BART: Denoising Sequence-to-Sequence Pre-training for Natural Language Generation, Translation, and Comprehension},
  author={Lewis, Mike and Liu, Yinhan and Goyal, Naman and Ghazvininejad, Marjan and Mohamed, Abdelrahman and Levy, Omer and Stoyanov, Veselin and Zettlemoyer, Luke},
  booktitle={Proceedings of the 58th Annual Meeting of the Association for Computational Linguistics},
  pages={7871--7880},
  year={2020}
}

@inproceedings{zhang2022remos,
  title={ReMoS: reducing defect inheritance in transfer learning via relevant model slicing},
  author={Zhang, Ziqi and Li, Yuanchun and Wang, Jindong and Liu, Bingyan and Li, Ding and Guo, Yao and Chen, Xiangqun and Liu, Yunxin},
  booktitle={Proceedings of the 44th International Conference on Software Engineering},
  pages={1856--1868},
  year={2022}
}

@inproceedings{chin2021renofeation,
  title={Renofeation: A simple transfer learning method for improved adversarial robustness},
  author={Chin, Ting-Wu and Zhang, Cha and Marculescu, Diana},
  booktitle={Proceedings of the IEEE/CVF Conference on Computer Vision and Pattern Recognition},
  pages={3243--3252},
  year={2021}
}

@article{dosovitskiy2020image,
  title={An image is worth 16x16 words: Transformers for image recognition at scale},
  author={Dosovitskiy, Alexey and Beyer, Lucas and Kolesnikov, Alexander and Weissenborn, Dirk and Zhai, Xiaohua and Unterthiner, Thomas and Dehghani, Mostafa and Minderer, Matthias and Heigold, Georg and Gelly, Sylvain and others},
  journal={arXiv preprint arXiv:2010.11929},
  year={2020}
}

@inproceedings{zhai2022scaling,
  title={Scaling vision transformers},
  author={Zhai, Xiaohua and Kolesnikov, Alexander and Houlsby, Neil and Beyer, Lucas},
  booktitle={Proceedings of the IEEE/CVF Conference on Computer Vision and Pattern Recognition},
  pages={12104--12113},
  year={2022}
}

@inproceedings{sun2017revisiting,
  title={Revisiting unreasonable effectiveness of data in deep learning era},
  author={Sun, Chen and Shrivastava, Abhinav and Singh, Saurabh and Gupta, Abhinav},
  booktitle={Proceedings of the IEEE international conference on computer vision},
  pages={843--852},
  year={2017}
}

@article{wei2022emergent,
  title={Emergent abilities of large language models},
  author={Wei, Jason and Tay, Yi and Bommasani, Rishi and Raffel, Colin and Zoph, Barret and Borgeaud, Sebastian and Yogatama, Dani and Bosma, Maarten and Zhou, Denny and Metzler, Donald and others},
  journal={arXiv preprint arXiv:2206.07682},
  year={2022}
}

@article{vaswani2017attention,
  title={Attention is all you need},
  author={Vaswani, Ashish and Shazeer, Noam and Parmar, Niki and Uszkoreit, Jakob and Jones, Llion and Gomez, Aidan N and Kaiser, {\L}ukasz and Polosukhin, Illia},
  journal={Advances in neural information processing systems},
  volume={30},
  year={2017}
}

@article{ouyang2022training,
  title={Training language models to follow instructions with human feedback},
  author={Ouyang, Long and Wu, Jeff and Jiang, Xu and Almeida, Diogo and Wainwright, Carroll L and Mishkin, Pamela and Zhang, Chong and Agarwal, Sandhini and Slama, Katarina and Ray, Alex and others},
  journal={arXiv preprint arXiv:2203.02155},
  year={2022}
}

@article{min2022rethinking,
  title={Rethinking the Role of Demonstrations: What Makes In-Context Learning Work?},
  author={Min, Sewon and Lyu, Xinxi and Holtzman, Ari and Artetxe, Mikel and Lewis, Mike and Hajishirzi, Hannaneh and Zettlemoyer, Luke},
  journal={arXiv preprint arXiv:2202.12837},
  year={2022}
}

@article{teney2022id,
  title={Id and ood performance are sometimes inversely correlated on real-world datasets},
  author={Teney, Damien and Lin, Yong and Oh, Seong Joon and Abbasnejad, Ehsan},
  journal={arXiv preprint arXiv:2209.00613},
  year={2022}
}

@inproceedings{miller2021accuracy,
  title={Accuracy on the line: on the strong correlation between out-of-distribution and in-distribution generalization},
  author={Miller, John P and Taori, Rohan and Raghunathan, Aditi and Sagawa, Shiori and Koh, Pang Wei and Shankar, Vaishaal and Liang, Percy and Carmon, Yair and Schmidt, Ludwig},
  booktitle={International Conference on Machine Learning},
  pages={7721--7735},
  year={2021},
  organization={PMLR}
}

@article{zhang2021deep,
  title={Deep long-tailed learning: A survey},
  author={Zhang, Yifan and Kang, Bingyi and Hooi, Bryan and Yan, Shuicheng and Feng, Jiashi},
  journal={arXiv preprint arXiv:2110.04596},
  year={2021}
}

@article{natarajan2013learning,
  title={Learning with noisy labels},
  author={Natarajan, Nagarajan and Dhillon, Inderjit S and Ravikumar, Pradeep K and Tewari, Ambuj},
  journal={Advances in neural information processing systems},
  volume={26},
  year={2013}
}


@article{yang2022glue,
  title={GLUE-X: Evaluating Natural Language Understanding Models from an Out-of-distribution Generalization Perspective},
  author={Yang, Linyi and Zhang, Shuibai and Qin, Libo and Li, Yafu and Wang, Yidong and Liu, Hanmeng and Wang, Jindong and Xie, Xing and Zhang, Yue},
  journal={arXiv preprint arXiv:2211.08073},
  year={2022}
}


@InProceedings{tiedemannThottingalEAMT2020,
  author = {J{\"o}rg Tiedemann and Santhosh Thottingal},
  title = {{OPUS-MT} — {B}uilding open translation services for the {W}orld},
  booktitle = {Proceedings of the 22nd Annual Conferenec of the European Association for Machine Translation (EAMT)},
  year = {2020},
  address = {Lisbon, Portugal}
 }

@misc{chatgpt,
  year = {2023},
  author = {OpenAI},
  howpublished = {\url{https://chat.openai.com.chat}},
}

@InProceedings{nie2019adversarial,
    title={Adversarial NLI: A New Benchmark for Natural Language Understanding},
    author={Nie, Yixin
                and Williams, Adina
                and Dinan, Emily
                and Bansal, Mohit
                and Weston, Jason
                and Kiela, Douwe},
    booktitle = "Proceedings of the 58th Annual Meeting of the Association for Computational Linguistics",
    year = "2020",
    publisher = "Association for Computational Linguistics",
}

