@article{ipate,
  title={Individualized {PATE}: Differentially Private Machine Learning with Individual Privacy Guarantees},
  author={Boenisch, Franziska and M{\"u}hl, Christopher and Rinberg, Roy and Ihrig, Jannis and Dziedzic, Adam},
  journal={Proceedings on Privacy Enhancing Technologies},
  year={2023}
}
@article{pate,
  title={SCALABLE PRIVATE LEARNING WITH {PATE}},
  author={Papernot, Nicolas and Song, Shuang and Mironov, Ilya and Raghunathan, Ananth and Talwar, Kunal and Erlingsson, {\'U}lfar},
  journal={ICLR},
  volume={1050},
  pages={24},
  year={2018}
}
@article{haveit,
  title={Have it your way: Individualized Privacy Assignment for {DP-SGD}},
  author={Boenisch, Franziska and M{\"u}hl, Christopher and Dziedzic, Adam and Rinberg, Roy and Papernot, Nicolas},
  journal={Advances in Neural Information Processing Systems},
  volume={36},
  year={2024}
}
@article{individAccnt,
  title={Individual Privacy Accounting for Differentially Private Stochastic Gradient Descent},
  author={Yu, Da and Kamath, Gautam and Kulkarni, Janardhan and Liu, Tie-Yan and Yin, Jian and Zhang, Huishuai},
  journal={Transactions on Machine Learning Research},
  year={2023}
}
@inproceedings{userConc,
  title={" I need a better description": An Investigation Into User Expectations For Differential Privacy},
  author={Cummings, Rachel and Kaptchuk, Gabriel and Redmiles, Elissa M},
  booktitle={Proceedings of the 2021 ACM SIGSAC Conference on Computer and Communications Security},
  pages={3037--3052},
  year={2021}
}

@inproceedings{RefWorks:RefID:39-he2022exploring,
  author       = {Jiyan He and
                  Xuechen Li and
                  Da Yu and
                  Huishuai Zhang and
                  Janardhan Kulkarni and
                  Yin Tat Lee and
                  Arturs Backurs and
                  Nenghai Yu and
                  Jiang Bian},
  title        = {Exploring the Limits of Differentially Private Deep Learning with
                  Group-wise Clipping},
  booktitle    = {The Eleventh International Conference on Learning Representations,
                  {ICLR} 2023, Kigali, Rwanda, May 1-5, 2023},
  publisher    = {OpenReview.net},
  year         = {2023},
  url          = {https://openreview.net/pdf?id=oze0clVGPeX},
  timestamp    = {Fri, 30 Jun 2023 14:55:53 +0200},
  biburl       = {https://dblp.org/rec/conf/iclr/HeLYZKLBY023.bib},
  bibsource    = {dblp computer science bibliography, https://dblp.org}
}

@InProceedings{RefWorks:RefID:38-koskelalearning,
  title = 	 {Learning Rate Adaptation for Differentially Private Learning},
  author =       {Koskela, Antti and Honkela, Antti},
  booktitle = 	 {Proceedings of the Twenty Third International Conference on Artificial Intelligence and Statistics},
  pages = 	 {2465--2475},
  year = 	 {2020},
  editor = 	 {Chiappa, Silvia and Calandra, Roberto},
  volume = 	 {108},
  series = 	 {Proceedings of Machine Learning Research},
  month = 	 {26--28 Aug},
  publisher =    {PMLR},
  pdf = 	 {http://proceedings.mlr.press/v108/koskela20a/koskela20a.pdf},
  url = 	 {https://proceedings.mlr.press/v108/koskela20a.html}
}


@misc{RefWorks:RefID:36-lennarttools,
      title={Three Tools for Practical Differential Privacy}, 
      author={Koen Lennart van der Veen and Ruben Seggers and Peter Bloem and Giorgio Patrini},
      year={2018},
      eprint={1812.02890},
      archivePrefix={arXiv},
      primaryClass={stat.ML}
}

@inproceedings{RefWorks:RefID:37-andrewdifferentially,
  author       = {Galen Andrew and
                  Om Thakkar and
                  Brendan McMahan and
                  Swaroop Ramaswamy},
  editor       = {Marc'Aurelio Ranzato and
                  Alina Beygelzimer and
                  Yann N. Dauphin and
                  Percy Liang and
                  Jennifer Wortman Vaughan},
  title        = {Differentially Private Learning with Adaptive Clipping},
  booktitle    = {Advances in Neural Information Processing Systems 34: Annual Conference
                  on Neural Information Processing Systems 2021, NeurIPS 2021, December
                  6-14, 2021, virtual},
  pages        = {17455--17466},
  year         = {2021},
  url          = {https://proceedings.neurips.cc/paper/2021/hash/91cff01af640a24e7f9f7a5ab407889f-Abstract.html},
  timestamp    = {Tue, 03 May 2022 16:20:48 +0200},
  biburl       = {https://dblp.org/rec/conf/nips/AndrewTMR21.bib},
  bibsource    = {dblp computer science bibliography, https://dblp.org}
}

@article{RefWorks:RefID:35-pichapati2019adaclip:,
  author       = {Venkatadheeraj Pichapati and
                  Ananda Theertha Suresh and
                  Felix X. Yu and
                  Sashank J. Reddi and
                  Sanjiv Kumar},
  title        = {{AdaCliP}: Adaptive Clipping for Private {SGD}},
  journal      = {CoRR},
  volume       = {abs/1908.07643},
  year         = {2019},
  url          = {http://arxiv.org/abs/1908.07643},
  eprinttype    = {arXiv},
  eprint       = {1908.07643},
  timestamp    = {Mon, 26 Aug 2019 13:20:40 +0200},
  biburl       = {https://dblp.org/rec/journals/corr/abs-1908-07643.bib},
  bibsource    = {dblp computer science bibliography, https://dblp.org}
}


@inproceedings{RefWorks:RefID:40-abadi2016deep,
author = {Abadi, Martin and Chu, Andy and Goodfellow, Ian and McMahan, H. Brendan and Mironov, Ilya and Talwar, Kunal and Zhang, Li},
title = {Deep Learning with Differential Privacy},
year = {2016},
isbn = {9781450341394},
publisher = {Association for Computing Machinery},
address = {New York, NY, USA},
url = {https://doi.org/10.1145/2976749.2978318},
doi = {10.1145/2976749.2978318},
booktitle = {Proceedings of the 2016 ACM SIGSAC Conference on Computer and Communications Security},
pages = {308–318},
numpages = {11},
keywords = {differential privacy, deep learning},
location = {Vienna, Austria},
series = {CCS '16}
}
@article{dalenius1977towards,
  title={Towards a methodology for statistical disclosure control},
  author={Dalenius, Tore},
  year={1977},
  publisher={Statistics Sweden}
}

@InProceedings{dworkDP,
author="Dwork, Cynthia",
editor="Bugliesi, Michele
and Preneel, Bart
and Sassone, Vladimiro
and Wegener, Ingo",
title="Differential Privacy",
booktitle="Automata, Languages and Programming",
year="2006",
publisher="Springer Berlin Heidelberg",
address="Berlin, Heidelberg",
pages="1--12"
}

@article{DPSurvey,
author = {Zhao, Ying and Chen, Jinjun},
title = {A Survey on Differential Privacy for Unstructured Data Content},
year = {2022},
issue_date = {January 2022},
publisher = {Association for Computing Machinery},
address = {New York, NY, USA},
volume = {54},
number = {10s},
issn = {0360-0300},
url = {https://doi.org/10.1145/3490237},
doi = {10.1145/3490237}
}
@InProceedings{DPSurvey2,
author="Dwork, Cynthia",
editor="Agrawal, Manindra
and Du, Dingzhu
and Duan, Zhenhua
and Li, Angsheng",
title="Differential Privacy: A Survey of Results",
booktitle="Theory and Applications of Models of Computation",
year="2008",
publisher="Springer Berlin Heidelberg",
address="Berlin, Heidelberg",
pages="1--19"
}
@inproceedings{concentrated,
  title={Concentrated differentially private gradient descent with adaptive per-iteration privacy budget},
  author={Lee, Jaewoo and Kifer, Daniel},
  booktitle={Proceedings of the 24th ACM SIGKDD International Conference on Knowledge Discovery \& Data Mining},
  pages={1656--1665},
  year={2018}
}
@inproceedings{chen2020stochastic,
  title={Stochastic adaptive line search for differentially private optimization},
  author={Chen, Chen and Lee, Jaewoo},
  booktitle={2020 IEEE International Conference on Big Data (Big Data)},
  pages={1011--1020},
  year={2020},
  organization={IEEE}
}

@INPROCEEDINGS{RefWorks:RefID:47-yu2019differentially,
  author={Yu, Lei and Liu, Ling and Pu, Calton and Gursoy, Mehmet Emre and Truex, Stacey},
  booktitle={2019 IEEE Symposium on Security and Privacy (SP)}, 
  title={Differentially Private Model Publishing for Deep Learning}, 
  year={2019},
  volume={},
  number={},
  pages={332-349},
  keywords={Privacy;Training;Differential privacy;Deep learning;Data models;Computational modeling;differential-privacy;-stochastic-gradient-descent;-deep-learning;-model-publishing;-privacy-budget-allocation},
  doi={10.1109/SP.2019.00019}}

@inproceedings{RefWorks:RefID:46-ponomareva2023dp-fy,
author = {Ponomareva, Natalia and Vassilvitskii, Sergei and Xu, Zheng and McMahan, Brendan and Kurakin, Alexey and Zhang, Chiyaun},
title = {How to {DP}-fy {ML}: A Practical Tutorial to Machine Learning with Differential Privacy},
year = {2023},
isbn = {9798400701030},
publisher = {Association for Computing Machinery},
address = {New York, NY, USA},
url = {https://doi.org/10.1145/3580305.3599561},
doi = {10.1145/3580305.3599561},
pages = {5823–5824},
numpages = {2},
keywords = {dp-training, dp-ml, differential privacy, data anonymization},
location = {, Long Beach, CA, USA, },
series = {KDD '23}
}

@inproceedings{RefWorks:RefID:44-li2022large,
  author       = {Xuechen Li and
                  Florian Tram{\`{e}}r and
                  Percy Liang and
                  Tatsunori Hashimoto},
  title        = {Large Language Models Can Be Strong Differentially Private Learners},
  booktitle    = {The Tenth International Conference on Learning Representations, {ICLR}
                  2022, Virtual Event, April 25-29, 2022},
  publisher    = {OpenReview.net},
  year         = {2022},
  url          = {https://openreview.net/forum?id=bVuP3ltATMz},
  timestamp    = {Wed, 07 Dec 2022 23:13:29 +0100},
  biburl       = {https://dblp.org/rec/conf/iclr/LiTLH22.bib},
  bibsource    = {dblp computer science bibliography, https://dblp.org}
}
@inproceedings{RefWorks:RefID:45-mcmahan2018learning,
  author       = {H. Brendan McMahan and
                  Daniel Ramage and
                  Kunal Talwar and
                  Li Zhang},
  title        = {Learning Differentially Private Recurrent Language Models},
  booktitle    = {6th International Conference on Learning Representations, {ICLR} 2018,
                  Vancouver, BC, Canada, April 30 - May 3, 2018, Conference Track Proceedings},
  publisher    = {OpenReview.net},
  year         = {2018},
  url          = {https://openreview.net/forum?id=BJ0hF1Z0b},
  timestamp    = {Thu, 25 Jul 2019 14:25:48 +0200},
  biburl       = {https://dblp.org/rec/conf/iclr/McMahanRT018.bib},
  bibsource    = {dblp computer science bibliography, https://dblp.org}
}

@article{RefWorks:RefID:43-dupuy2022efficient,
  author       = {Christophe Dupuy and
                  Radhika Arava and
                  Rahul Gupta and
                  Anna Rumshisky},
  title        = {An Efficient {DP-SGD} Mechanism for Large Scale {NLP} Models},
  journal      = {CoRR},
  volume       = {abs/2107.14586},
  year         = {2021},
  url          = {https://arxiv.org/abs/2107.14586},
  eprinttype    = {arXiv},
  eprint       = {2107.14586},
  timestamp    = {Thu, 24 Nov 2022 14:12:42 +0100},
  biburl       = {https://dblp.org/rec/journals/corr/abs-2107-14586.bib},
  bibsource    = {dblp computer science bibliography, https://dblp.org}
}

@inproceedings{RefWorks:RefID:49-hong2022dynamic,
author = {Hong, Junyuan and Wang, Zhangyang and Zhou, Jiayu},
title = {Dynamic Privacy Budget Allocation Improves Data Efficiency of Differentially Private Gradient Descent},
year = {2022},
isbn = {9781450393522},
publisher = {Association for Computing Machinery},
address = {New York, NY, USA},
url = {https://doi.org/10.1145/3531146.3533070},
doi = {10.1145/3531146.3533070},
booktitle = {Proceedings of the 2022 ACM Conference on Fairness, Accountability, and Transparency},
pages = {11–35},
numpages = {25},
keywords = {machine learning, privacy},
location = {, Seoul, Republic of Korea, },
series = {FAccT '22}
}
@article{
RefWorks:RefID:48-fay2023adaptive,
title={Adaptive Hyperparameter Selection for Differentially Private Gradient Descent},
author={Dominik Fay and Sindri Magn{\'u}sson and Jens Sj{\"o}lund and Mikael Johansson},
journal={Transactions on Machine Learning Research},
issn={2835-8856},
year={2023},
url={https://openreview.net/forum?id=LLKI5Lq2YN},
note={}
}

@inproceedings{RefWorks:RefID:50-huanggpipe:,
  author       = {Yanping Huang and
                  Youlong Cheng and
                  Ankur Bapna and
                  Orhan Firat and
                  Dehao Chen and
                  Mia Xu Chen and
                  HyoukJoong Lee and
                  Jiquan Ngiam and
                  Quoc V. Le and
                  Yonghui Wu and
                  Zhifeng Chen},
  editor       = {Hanna M. Wallach and
                  Hugo Larochelle and
                  Alina Beygelzimer and
                  Florence d'Alch{\'{e}}{-}Buc and
                  Emily B. Fox and
                  Roman Garnett},
  title        = {{GPipe}: Efficient Training of Giant Neural Networks using Pipeline
                  Parallelism},
  booktitle    = {Advances in Neural Information Processing Systems 32: Annual Conference
                  on Neural Information Processing Systems 2019, NeurIPS 2019, December
                  8-14, 2019, Vancouver, BC, Canada},
  pages        = {103--112},
  year         = {2019},
  url          = {https://proceedings.neurips.cc/paper/2019/hash/093f65e080a295f8076b1c5722a46aa2-Abstract.html},
  timestamp    = {Mon, 16 May 2022 15:41:51 +0200},
  biburl       = {https://dblp.org/rec/conf/nips/HuangCBFCCLNLWC19.bib},
  bibsource    = {dblp computer science bibliography, https://dblp.org}
}

@article{RefWorks:RefID:51-yousefpouropacus:,
  author       = {Ashkan Yousefpour and
                  Igor Shilov and
                  Alexandre Sablayrolles and
                  Davide Testuggine and
                  Karthik Prasad and
                  Mani Malek and
                  John Nguyen and
                  Sayan Ghosh and
                  Akash Bharadwaj and
                  Jessica Zhao and
                  Graham Cormode and
                  Ilya Mironov},
  title        = {Opacus: User-Friendly Differential Privacy Library in PyTorch},
  journal      = {CoRR},
  volume       = {abs/2109.12298},
  year         = {2021},
  url          = {https://arxiv.org/abs/2109.12298},
  eprinttype    = {arXiv},
  eprint       = {2109.12298},
  timestamp    = {Thu, 26 Jan 2023 15:24:59 +0100},
  biburl       = {https://dblp.org/rec/journals/corr/abs-2109-12298.bib},
  bibsource    = {dblp computer science bibliography, https://dblp.org}
}

@inproceedings{RefWorks:RefID:52-liu2019private,
author = {Liu, Jingcheng and Talwar, Kunal},
title = {Private selection from private candidates},
year = {2019},
isbn = {9781450367059},
publisher = {Association for Computing Machinery},
address = {New York, NY, USA},
url = {https://doi.org/10.1145/3313276.3316377},
doi = {10.1145/3313276.3316377},
booktitle = {Proceedings of the 51st Annual ACM SIGACT Symposium on Theory of Computing},
pages = {298–309},
numpages = {12},
keywords = {Adaptive data analysis, Algorithm Selection, Differential privacy, Hyperparameter tuning},
location = {Phoenix, AZ, USA},
series = {STOC 2019}
}

@inproceedings{RefWorks:RefID:53-you2020large,
title={Large Batch Optimization for Deep Learning: Training {BERT} in 76 minutes},
author={Yang You and Jing Li and Sashank Reddi and Jonathan Hseu and Sanjiv Kumar and Srinadh Bhojanapalli and Xiaodan Song and James Demmel and Kurt Keutzer and Cho-Jui Hsieh},
booktitle={International Conference on Learning Representations},
year={2020},
url={https://openreview.net/forum?id=Syx4wnEtvH}
}

@inproceedings{RefWorks:RefID:54-rajbhandari2020zero:,
author = {Rajbhandari, Samyam and Rasley, Jeff and Ruwase, Olatunji and He, Yuxiong},
title = {{ZeRO}: memory optimizations toward training trillion parameter models},
year = {2020},
isbn = {9781728199986},
publisher = {IEEE Press},
booktitle = {Proceedings of the International Conference for High Performance Computing, Networking, Storage and Analysis},
articleno = {20},
numpages = {16},
location = {Atlanta, Georgia},
series = {SC '20}
}


@inbook{RefWorks:RefID:56-paszke2019pytorch:,
author = {Paszke, Adam and Gross, Sam and Massa, Francisco and Lerer, Adam and Bradbury, James and Chanan, Gregory and Killeen, Trevor and Lin, Zeming and Gimelshein, Natalia and Antiga, Luca and Desmaison, Alban and K\"{o}pf, Andreas and Yang, Edward and DeVito, Zach and Raison, Martin and Tejani, Alykhan and Chilamkurthy, Sasank and Steiner, Benoit and Fang, Lu and Bai, Junjie and Chintala, Soumith},
title = {{PyTorch}: an imperative style, high-performance deep learning library},
year = {2019},
publisher = {Curran Associates Inc.},
address = {Red Hook, NY, USA},
booktitle = {Proceedings of the 33rd International Conference on Neural Information Processing Systems},
articleno = {721},
numpages = {12}
}


@article{RefWorks:RefID:55-leescaling,
  author       = {Jaewoo Lee and
                  Daniel Kifer},
  title        = {Scaling up Differentially Private Deep Learning with Fast Per-Example
                  Gradient Clipping},
  journal      = {Proc. Priv. Enhancing Technol.},
  volume       = {2021},
  number       = {1},
  pages        = {128--144},
  year         = {2021},
  url          = {https://doi.org/10.2478/popets-2021-0008},
  doi          = {10.2478/POPETS-2021-0008},
  timestamp    = {Tue, 19 Jan 2021 16:13:51 +0100},
  biburl       = {https://dblp.org/rec/journals/popets/LeeK21.bib},
  bibsource    = {dblp computer science bibliography, https://dblp.org}
}

@article{RefWorks:RefID:58-shirish2017large-batch,
  author       = {Nitish Shirish Keskar and
                  Dheevatsa Mudigere and
                  Jorge Nocedal and
                  Mikhail Smelyanskiy and
                  Ping Tak Peter Tang},
  title        = {On Large-Batch Training for Deep Learning: Generalization Gap and
                  Sharp Minima},
  journal      = {CoRR},
  volume       = {abs/1609.04836},
  year         = {2016},
  url          = {http://arxiv.org/abs/1609.04836},
  eprinttype    = {arXiv},
  eprint       = {1609.04836},
  timestamp    = {Mon, 13 Aug 2018 16:46:48 +0200},
  biburl       = {https://dblp.org/rec/journals/corr/KeskarMNST16.bib},
  bibsource    = {dblp computer science bibliography, https://dblp.org}
}

@article{RefWorks:RefID:59-pleissmemory-efficient,
  author       = {Geoff Pleiss and
                  Danlu Chen and
                  Gao Huang and
                  Tongcheng Li and
                  Laurens van der Maaten and
                  Kilian Q. Weinberger},
  title        = {Memory-Efficient Implementation of {DenseNets}},
  journal      = {CoRR},
  volume       = {abs/1707.06990},
  year         = {2017},
  url          = {http://arxiv.org/abs/1707.06990},
  eprinttype    = {arXiv},
  eprint       = {1707.06990},
  timestamp    = {Mon, 13 Aug 2018 16:48:33 +0200},
  biburl       = {https://dblp.org/rec/journals/corr/PleissCHLMW17.bib},
  bibsource    = {dblp computer science bibliography, https://dblp.org}
}
@misc{databricksFarewellCUDA,
	author = {Mihir Patel and Erica Ji Yuen},
	title = {Farewell, {CUDA OOM}: Automatic Gradient Accumulation},
	howpublished = {\url{https://www.databricks.com/blog/farewell-oom}}

}

@misc{RefWorks:RefID:60-lv2023full,
      title={Full Parameter Fine-tuning for Large Language Models with Limited Resources}, 
      author={Kai Lv and Yuqing Yang and Tengxiao Liu and Qinghui Gao and Qipeng Guo and Xipeng Qiu},
      year={2024},
      eprint={2306.09782},
      archivePrefix={arXiv},
      primaryClass={cs.CL}
}
@article{mnist,
  title={Gradient-based learning applied to document recognition},
  author={LeCun, Yann and Bottou, L{\'e}on and Bengio, Yoshua and Haffner, Patrick},
  journal={Proceedings of the IEEE},
  volume={86},
  number={11},
  pages={2278--2324},
  year={1998}
}
@article{cifar,
  title={Do cifar-10 classifiers generalize to cifar-10?},
  author={Recht, Benjamin and Roelofs, Rebecca and Schmidt, Ludwig and Shankar, Vaishaal},
  journal={arXiv preprint arXiv:1806.00451},
  year={2018}
}
@article{haveit2,
  title={Heterogeneous Differential Privacy},
  author={Alaggan, Mohammad and Gambs, S{\'e}bastien and Kermarrec, Anne-Marie},
  journal={Journal of Privacy and Confidentiality},
  volume={7},
  number={2},
  year={2016}
}

@article{RefWorks:RefID:63-polyak1963gradient,
title = {Gradient methods for the minimisation of functionals},
journal = {USSR Computational Mathematics and Mathematical Physics},
volume = {3},
number = {4},
pages = {864-878},
year = {1963},
issn = {0041-5553},
doi = {https://doi.org/10.1016/0041-5553(63)90382-3},
url = {https://www.sciencedirect.com/science/article/pii/0041555363903823},
author = {B.T. Polyak}
}
@inproceedings{RefWorks:RefID:61-roth2011interactive,
author = {Roth, Aaron and Roughgarden, Tim},
title = {Interactive privacy via the median mechanism},
year = {2010},
isbn = {9781450300506},
publisher = {Association for Computing Machinery},
address = {New York, NY, USA},
url = {https://doi.org/10.1145/1806689.1806794},
doi = {10.1145/1806689.1806794},
booktitle = {Proceedings of the Forty-Second ACM Symposium on Theory of Computing},
pages = {765–774},
numpages = {10},
keywords = {differential privacy, online algorithm},
location = {Cambridge, Massachusetts, USA},
series = {STOC '10}
}

@INPROCEEDINGS{RefWorks:RefID:62-hardtmultiplicative,
  author={Hardt, Moritz and Rothblum, Guy N.},
  booktitle={2010 IEEE 51st Annual Symposium on Foundations of Computer Science}, 
  title={A Multiplicative Weights Mechanism for Privacy-Preserving Data Analysis}, 
  year={2010},
  volume={},
  number={},
  pages={61-70},
  keywords={Databases;Privacy;Accuracy;Data privacy;Histograms;Noise;Noise measurement},
  doi={10.1109/FOCS.2010.85}}
@inproceedings{mironov2017renyi,
  title={R{\'e}nyi differential privacy},
  author={Mironov, Ilya},
  booktitle={2017 IEEE 30th computer security foundations symposium (CSF)},
  pages={263--275},
  year={2017},
  organization={IEEE}
}
@ARTICLE{kullrenyi,

  author={van Erven, Tim and Harremos, Peter},

  journal={IEEE Transactions on Information Theory}, 

  title={Rényi Divergence and Kullback-Leibler Divergence}, 

  year={2014},

  volume={60},

  number={7},

  pages={3797-3820}}

@inproceedings{gower2019sgd,
  title={{SGD}: General analysis and improved rates},
  author={Gower, Robert Mansel and Loizou, Nicolas and Qian, Xun and Sailanbayev, Alibek and Shulgin, Egor and Richt{\'a}rik, Peter},
  booktitle={International conference on machine learning},
  pages={5200--5209},
  year={2019}
}
@article{tian2023recent,
  title={Recent advances in stochastic gradient descent in deep learning},
  author={Tian, Yingjie and Zhang, Yuqi and Zhang, Haibin},
  journal={Mathematics},
  volume={11},
  number={3},
  pages={682},
  year={2023},
  publisher={MDPI}
}
@article{gong2020survey,
  title={A survey on differentially private machine learning},
  author={Gong, Maoguo and Xie, Yu and Pan, Ke and Feng, Kaiyuan and Qin, Alex Kai},
  journal={IEEE computational intelligence magazine},
  volume={15},
  number={2},
  pages={49--64},
  year={2020},
  publisher={IEEE}
}
@inproceedings{li2017partitioning,
  title={Partitioning-based mechanisms under personalized differential privacy},
  author={Li, Haoran and Xiong, Li and Ji, Zhanglong and Jiang, Xiaoqian},
  booktitle={Proceedings of Pacific-Asia Conference on Knowledge Discovery and Data Mining (PAKDD)},
  volume={10234},
  pages={615},
  year={2017},
}
@inproceedings{Jorgensen2015,
  title={Conservative or liberal? Personalized differential privacy},
  author={Jorgensen, Zachary and Yu, Ting and Cormode, Graham},
  booktitle={Proceedings of the 2015 ACM SIGMOD International Conference on Management of Data},
  pages={1203--1217},
  year={2015},
  organization={ACM}
}
@inproceedings{Niu2021,
  title={{AdaPDP}: Adaptive personalized differential privacy},
  author={Niu, Bofeng and Chen, Yao and Wang, Boya and Wang, Ziyu and Li, Fenghua},
  booktitle={IEEE INFOCOM 2021 - IEEE Conference on Computer Communications},
  pages={1--10},
  year={2021},
  publisher={IEEE}
}
@inproceedings{mcsherry2007mechanism,
  title={Mechanism design via differential privacy},
  author={McSherry, Frank and Talwar, Kunal},
  booktitle={48th Annual IEEE Symposium on Foundations of Computer Science (FOCS'07)},
  pages={94--103},
  year={2007},
  organization={IEEE}
}
