########
@article{langkvist2014review,
  title={A review of unsupervised feature learning and deep learning for time-series modeling},
  author={L{\"a}ngkvist, Martin and Karlsson, Lars and Loutfi, Amy},
  journal={Pattern Recognition Letters},
  volume={42},
  pages={11--24},
  year={2014},
  publisher={Elsevier}
}

@article{rand1971objective,
  title={Objective criteria for the evaluation of clustering methods},
  author={Rand, William M},
  journal={Journal of the American Statistical Association},
  volume={66},
  number={336},
  pages={846--850},
  year={1971}
}

@article{friedman1937use,
  title={The use of ranks to avoid the assumption of normality implicit in the analysis of variance},
  author={Friedman, Milton},
  journal={Journal of the American Statistical Association},
  volume={32},
  pages={675--701},
  year={1937}
}

@phdthesis{nemenyi1963distribution,
  title={Distribution-free Multiple Comparisons},
  author={Nemenyi, Peter},
  year={1963},
  school={Princeton University}
}

@book{rice2006mathematical,
  title={Mathematical statistics and data analysis},
  author={Rice, John},
  year={2006},
  publisher={Cengage Learning}
}

@article{demvsar2006statistical,
  title={Statistical comparisons of classifiers over multiple data sets},
  author={Dem{\v{s}}ar, Janez},
  journal={The Journal of Machine Learning Research},
  volume={7},
  pages={1--30},
  year={2006}
}

@article{wilcoxon1945individual,
  title={Individual comparisons by ranking methods},
  author={Wilcoxon, Frank},
  journal={Biometrics Bulletin},
  pages={80--83},
  year={1945},
  publisher={JSTOR}
}

@inproceedings{giusti2013empirical,
  title={An Empirical Comparison of Dissimilarity Measures for Time Series Classification},
  author={Giusti, Rafael and Batista, Gustavo EAPA},
  booktitle={BRACIS},
  pages={82--88},
  year={2013}
}

@article{batista2013cid,
  title={{CID}: {A}n efficient complexity-invariant distance for time series},
  author={Batista, Gustavo EAPA and Keogh, Eamonn J and Tataw, Oben Moses and de Souza, Vin{\'\i}cius MA},
  journal={Data Mining and Knowledge Discovery},
  pages={1--36},
  year={2013},
}

@inproceedings{batista2011complexity,
  title={A Complexity-Invariant Distance Measure for Time Series.},
  author={Batista, Gustavo EAPA and Wang, Xiaoyue and Keogh, Eamonn J},
  booktitle={SDM},
  pages={699--710},
  year={2011}
}

@article{fowlkes2004spectral,
  title={Spectral grouping using the Nystrom method},
  author={Fowlkes, Charless and Belongie, Serge and Chung, Fan and Malik, Jitendra},
  journal={IEEE transactions on pattern analysis and machine intelligence},
  volume={26},
  number={2},
  pages={214--225},
  year={2004},
  publisher={IEEE}
}

@inproceedings{macqueen1967some,
  title={Some methods for classification and analysis of multivariate observations},
  author={MacQueen, James},
  booktitle={BSMSP},
  pages={281--297},
  year={1967}
}

@article{schafer2016scalable,
  title={Scalable time series classification},
  author={Sch{\"a}fer, Patrick},
  journal={Data Mining and Knowledge Discovery},
  volume={30},
  number={5},
  pages={1273--1298},
  year={2016},
  publisher={Springer}
}

@article{fiterau2017shortfuse,
  title={ShortFuse: Biomedical Time Series Representations in the Presence of Structured Information},
  author={Fiterau, Madalina and Bhooshan, Suvrat and Fries, Jason and Bournhonesque, Charles and Hicks, Jennifer and Halilaj, Eni and R{\'e}, Christopher and Delp, Scott},
  journal={arXiv preprint arXiv:1705.04790},
  year={2017}
}

@article{cui2016multi,
  title={Multi-scale convolutional neural networks for time series classification},
  author={Cui, Zhicheng and Chen, Wenlin and Chen, Yixin},
  journal={arXiv preprint arXiv:1603.06995},
  year={2016}
}

@inproceedings{wang2017time,
  title={Time series classification from scratch with deep neural networks: A strong baseline},
  author={Wang, Zhiguang and Yan, Weizhong and Oates, Tim},
  booktitle={Neural Networks (IJCNN), 2017 International Joint Conference on},
  pages={1578--1585},
  year={2017},
  organization={IEEE}
}

@article{masci2011stacked,
  title={Stacked convolutional auto-encoders for hierarchical feature extraction},
  author={Masci, Jonathan and Meier, Ueli and Cire{\c{s}}an, Dan and Schmidhuber, J{\"u}rgen},
  journal={Artificial Neural Networks and Machine Learning--ICANN 2011},
  pages={52--59},
  year={2011},
  publisher={Springer}
}

@article{bagnall2018uea,
  title={The UEA multivariate time series classification archive, 2018},
  author={Bagnall, Anthony and Dau, Hoang Anh and Lines, Jason and Flynn, Michael and Large, James and Bostrom, Aaron and Southam, Paul and Keogh, Eamonn},
  journal={arXiv preprint arXiv:1811.00075},
  year={2018}
}

@inproceedings{lines2016hive,
  title={Hive-cote: The hierarchical vote collective of transformation-based ensembles for time series classification},
  author={Lines, Jason and Taylor, Sarah and Bagnall, Anthony},
  booktitle={2016 IEEE 16th international conference on data mining (ICDM)},
  pages={1041--1046},
  year={2016},
  organization={IEEE}
}

@article{bagnall2015time,
  title={Time-series classification with COTE: the collective of transformation-based ensembles},
  author={Bagnall, Anthony and Lines, Jason and Hills, Jon and Bostrom, Aaron},
  journal={IEEE Transactions on Knowledge and Data Engineering},
  volume={27},
  number={9},
  pages={2522--2535},
  year={2015},
  publisher={IEEE}
}

@inproceedings{yeh2009proud,
  title={PROUD: a probabilistic approach to processing similarity queries over uncertain data streams},
  author={Yeh, Mi-Yen and Wu, Kun-Lung and Yu, Philip S and Chen, Ming-Syan},
  booktitle={Proceedings of the 12th International Conference on Extending Database Technology: Advances in Database Technology},
  pages={684--695},
  year={2009},
  organization={ACM}
}


@article{dallachiesa2014top,
  title={Top-k nearest neighbor search in uncertain data series},
  author={Dallachiesa, Michele and Palpanas, Themis and Ilyas, Ihab F},
  journal={Proceedings of the VLDB Endowment},
  volume={8},
  number={1},
  pages={13--24},
  year={2014},
  publisher={VLDB Endowment}
}

@article{dallachiesa2012uncertain,
  title={Uncertain time-series similarity: Return to the basics},
  author={Dallachiesa, Michele and Nushi, Besmira and Mirylenka, Katsiaryna and Palpanas, Themis},
  journal={Proceedings of the VLDB Endowment},
  volume={5},
  number={11},
  pages={1662--1673},
  year={2012},
  publisher={VLDB Endowment}
}


@inproceedings{lee2009convolutional,
  title={Convolutional deep belief networks for scalable unsupervised learning of hierarchical representations},
  author={Lee, Honglak and Grosse, Roger and Ranganath, Rajesh and Ng, Andrew Y},
  booktitle={Proceedings of the 26th annual international conference on machine learning},
  pages={609--616},
  year={2009},
  organization={ACM}
}



@inproceedings{lee2009unsupervised,
  title={Unsupervised feature learning for audio classification using convolutional deep belief networks},
  author={Lee, Honglak and Pham, Peter and Largman, Yan and Ng, Andrew Y},
  booktitle={Advances in neural information processing systems},
  pages={1096--1104},
  year={2009}
}

@article{husken2003recurrent,
  title={Recurrent neural networks for time series classification},
  author={H{\"u}sken, Michael and Stagge, Peter},
  journal={Neurocomputing},
  volume={50},
  pages={223--235},
  year={2003},
  publisher={Elsevier}
}

@article{bengio2009learning,
  title={Learning deep architectures for AI},
  author={Bengio, Yoshua and others},
  journal={Foundations and trends{\textregistered} in Machine Learning},
  volume={2},
  number={1},
  pages={1--127},
  year={2009},
  publisher={Now Publishers, Inc.}
}

@article{hinton2006reducing,
  title={Reducing the dimensionality of data with neural networks},
  author={Hinton, Geoffrey E and Salakhutdinov, Ruslan R},
  journal={science},
  volume={313},
  number={5786},
  pages={504--507},
  year={2006},
  publisher={American Association for the Advancement of Science}
}

@inproceedings{sutskever2007learning,
  title={Learning multilevel distributed representations for high-dimensional sequences},
  author={Sutskever, Ilya and Hinton, Geoffrey},
  booktitle={Artificial Intelligence and Statistics},
  pages={548--555},
  year={2007}
}

@inproceedings{paparrizos2020debunking,
  title={Debunking four long-standing misconceptions of time-series distance measures},
  author={Paparrizos, John and Liu, Chunwei and Elmore, Aaron J and Franklin, Michael J},
  booktitle={Proceedings of the 2020 ACM SIGMOD international conference on management of data},
  pages={1887--1905},
  year={2020}
}

@inproceedings{goel2016social,
  title={The social dynamics of language change in online networks},
  author={Goel, Rahul and Soni, Sandeep and Goyal, Naman and Paparrizos, John and Wallach, Hanna and Diaz, Fernando and Eisenstein, Jacob},
  booktitle={Social Informatics: 8th International Conference, SocInfo 2016, Bellevue, WA, USA, November 11-14, 2016, Proceedings, Part I 8},
  pages={41--57},
  year={2016},
  organization={Springer}
}

@article{sylligardos2023choose,
  title={Choose Wisely: An Extensive Evaluation of Model Selection for Anomaly Detection in Time Series},
  author={Sylligardos, Emmanouil and Boniol, Paul and Paparrizos, John and Trahanias, Panos and Palpanas, Themis},
  journal={Proceedings of the VLDB Endowment},
  volume={16},
  number={11},
  pages={3418--3432},
  year={2023},
  publisher={VLDB Endowment}
}

@phdthesis{paparrizos2018fast,
  title={Fast, scalable, and accurate algorithms for time-series analysis},
  author={Paparrizos, Ioannis},
  year={2018},
  school={Columbia University}
}

@article{wang2023seanet,
  title={SEAnet: A Deep Learning Architecture for Data Series Similarity Search},
  author={Wang, Qitong and Palpanas, Themis},
  journal={IEEE Transactions on Knowledge and Data Engineering},
  year={2023},
  publisher={IEEE}
}


@article{lemire2009faster,
  title={Faster retrieval with a two-pass dynamic-time-warping lower bound},
  author={Lemire, Daniel},
  journal={Pattern recognition},
  volume={42},
  number={9},
  pages={2169--2180},
  year={2009},
  publisher={Elsevier}
}

@article{paparrizos2023odyssey,
  title={Odyssey: An Engine Enabling the Time-Series Clustering Journey},
  author={Paparrizos, John and Reddy, Sai Prasanna Teja},
  journal={Proceedings of the VLDB Endowment},
  volume={16},
  number={12},
  pages={4066--4069},
  year={2023},
  publisher={VLDB Endowment}
}


@inproceedings{tan2019elastic,
  title={Elastic bands across the path: A new framework and method to lower bound DTW},
  author={Tan, Chang Wei and Petitjean, Fran{\c{c}}ois and Webb, Geoffrey I},
  booktitle={Proceedings of the 2019 SIAM International Conference on Data Mining},
  pages={522--530},
  year={2019},
  organization={SIAM}
}

@article{tan2020fastee,
  title={FastEE: Fast Ensembles of Elastic Distances for time series classification},
  author={Tan, Chang Wei and Petitjean, Fran{\c{c}}ois and Webb, Geoffrey I},
  journal={Data Mining and Knowledge Discovery},
  volume={34},
  number={1},
  pages={231--272},
  year={2020},
  publisher={Springer}
}

@inproceedings{shen2018accelerating,
  title={Accelerating time series searching with large uniform scaling},
  author={Shen, Yilin and Chen, Yanping and Keogh, Eamonn and Jin, Hongxia},
  booktitle={Proceedings of the 2018 SIAM International Conference on Data Mining},
  pages={234--242},
  year={2018},
  organization={SIAM}
}

@inproceedings{boniol2023edbt,
  author       = {Paul Boniol and
                  John Paparrizos and
                  Themis Palpanas},
  title        = {New Trends in Time Series Anomaly Detection},
  booktitle    = {Proceedings 26th International Conference on Extending Database Technology,
                  {EDBT} 2023, Ioannina, Greece, March 28-31, 2023},
  pages        = {847--850},
  publisher    = {OpenProceedings.org},
  year         = {2023},
  url          = {https://doi.org/10.48786/edbt.2023.80},
  doi          = {10.48786/edbt.2023.80},
  timestamp    = {Sat, 29 Apr 2023 13:06:22 +0200},
  biburl       = {https://dblp.org/rec/conf/edbt/BoniolPP23.bib},
  bibsource    = {dblp computer science bibliography, https://dblp.org}
}

@inproceedings{bariya2021k,
  title={k-shapestream: Probabilistic streaming clustering for electric grid events},
  author={Bariya, Mohini and von Meier, Alexandra and Paparrizos, John and Franklin, Michael J},
  booktitle={2021 IEEE Madrid PowerTech},
  pages={1--6},
  year={2021},
  organization={IEEE}
}


@inproceedings{paparrizos2016detecting,
  title={Detecting devastating diseases in search logs},
  author={Paparrizos, John and White, Ryen W and Horvitz, Eric},
  booktitle={Proceedings of the 22nd ACM SIGKDD International Conference on Knowledge Discovery and Data Mining},
  pages={559--568},
  year={2016}
}


@article{paparrizos2023accelerating,
  title={Accelerating Similarity Search for Elastic Measures: A Study and New Generalization of Lower Bounding Distances},
  author={Paparrizos, John and Wu, Kaize and Elmore, Aaron and Faloutsos, Christos and Franklin, Michael J},
  journal={Proceedings of the VLDB Endowment},
  volume={16},
  number={8},
  pages={2019--2032},
  year={2023},
  publisher={VLDB Endowment}
}


@article{boniol2022theseus,
  title={Theseus: navigating the labyrinth of time-series anomaly detection},
  author={Boniol, Paul and Paparrizos, John and Kang, Yuhao and Palpanas, Themis and Tsay, Ruey S and Elmore, Aaron J and Franklin, Michael J},
  journal={Proceedings of the VLDB Endowment},
  volume={15},
  number={12},
  pages={3702--3705},
  year={2022},
  publisher={VLDB Endowment}
}


@article{boniol2021sandaction,
  title={Sand in action: subsequence anomaly detection for streams},
  author={Boniol, Paul and Paparrizos, John and Palpanas, Themis and Franklin, Michael J},
  journal={Proceedings of the VLDB Endowment},
  volume={14},
  number={12},
  pages={2867--2870},
  year={2021},
  publisher={VLDB Endowment}
}


@article{krishnan2019artificial,
  title={Artificial intelligence in resource-constrained and shared environments},
  author={Krishnan, Sanjay and Elmore, Aaron J and Franklin, Michael and Paparrizos, John and Shang, Zechao and Dziedzic, Adam and Liu, Rui},
  journal={ACM SIGOPS Operating Systems Review},
  volume={53},
  number={1},
  pages={1--6},
  year={2019},
  publisher={ACM New York, NY, USA}
}


@article{mckeown2016predicting,
  title={Predicting the impact of scientific concepts using full-text features},
  author={McKeown, Kathy and Daume III, Hal and Chaturvedi, Snigdha and Paparrizos, John and Thadani, Kapil and Barrio, Pablo and Biran, Or and Bothe, Suvarna and Collins, Michael and Fleischmann, Kenneth R and others},
  journal={Journal of the Association for Information Science and Technology},
  volume={67},
  number={11},
  pages={2684--2696},
  year={2016},
  publisher={Wiley Online Library}
}

@article{paparrizos2016screening,
  title={Screening for pancreatic adenocarcinoma using signals from web search logs: Feasibility study and results},
  author={Paparrizos, John and White, Ryen W and Horvitz, Eric},
  journal={Journal of oncology practice},
  volume={12},
  number={8},
  pages={737--744},
  year={2016},
  publisher={American Society of Clinical Oncology Alexandria, VA}
}


@article{jiang2020pids,
  title={Pids: attribute decomposition for improved compression and query performance in columnar storage},
  author={Jiang, Hao and Liu, Chunwei and Jin, Qi and Paparrizos, John and Elmore, Aaron J},
  journal={Proceedings of the VLDB Endowment},
  volume={13},
  number={6},
  pages={925--938},
  year={2020},
  publisher={VLDB Endowment}
}

@article{boniol2021sand,
  title={SAND: streaming subsequence anomaly detection},
  author={Boniol, Paul and Paparrizos, John and Palpanas, Themis and Franklin, Michael J},
  journal={Proceedings of the VLDB Endowment},
  volume={14},
  number={10},
  pages={1717--1729},
  year={2021},
  publisher={VLDB Endowment}
}


@article{paparrizos2022volume,
  title={Volume under the surface: a new accuracy evaluation measure for time-series anomaly detection},
  author={Paparrizos, John and Boniol, Paul and Palpanas, Themis and Tsay, Ruey S and Elmore, Aaron and Franklin, Michael J},
  journal={Proceedings of the VLDB Endowment},
  volume={15},
  number={11},
  pages={2774--2787},
  year={2022},
  publisher={VLDB Endowment}
}


@inproceedings{dziedzic2019band,
  title={Band-limited training and inference for convolutional neural networks},
  author={Dziedzic, Adam and Paparrizos, John and Krishnan, Sanjay and Elmore, Aaron and Franklin, Michael},
  booktitle={International Conference on Machine Learning},
  pages={1745--1754},
  year={2019},
  organization={PMLR}
}


@article{paparrizos2022tsb,
  title={TSB-UAD: an end-to-end benchmark suite for univariate time-series anomaly detection},
  author={Paparrizos, John and Kang, Yuhao and Boniol, Paul and Tsay, Ruey S and Palpanas, Themis and Franklin, Michael J},
  journal={Proceedings of the VLDB Endowment},
  volume={15},
  number={8},
  pages={1697--1711},
  year={2022},
  publisher={VLDB Endowment}
}


@inproceedings{paparrizos2022fast,
  title={Fast adaptive similarity search through variance-aware quantization},
  author={Paparrizos, John and Edian, Ikraduya and Liu, Chunwei and Elmore, Aaron J and Franklin, Michael J},
  booktitle={2022 IEEE 38th International Conference on Data Engineering (ICDE)},
  pages={2969--2983},
  year={2022},
  organization={IEEE}
}


@inproceedings{jiang2021good,
  title={Good to the last bit: Data-driven encoding with codecdb},
  author={Jiang, Hao and Liu, Chunwei and Paparrizos, John and Chien, Andrew A and Ma, Jihong and Elmore, Aaron J},
  booktitle={Proceedings of the 2021 International Conference on Management of Data},
  pages={843--856},
  year={2021}
}


@article{liu2023amir,
  title={AMIR: Active Multimodal Interaction Recognition from Video and Network Traffic in Connected Environments},
  author={Liu, Shinan and Mangla, Tarun and Shaowang, Ted and Zhao, Jinjin and Paparrizos, John and Krishnan, Sanjay and Feamster, Nick},
  journal={Proceedings of the ACM on Interactive, Mobile, Wearable and Ubiquitous Technologies},
  volume={7},
  number={1},
  pages={1--26},
  year={2023},
  publisher={ACM New York, NY, USA}
}


@article{liu2021decomposed,
  title={Decomposed bounded floats for fast compression and queries},
  author={Liu, Chunwei and Jiang, Hao and Paparrizos, John and Elmore, Aaron J},
  journal={Proceedings of the VLDB Endowment},
  volume={14},
  number={11},
  pages={2586--2598},
  year={2021},
  publisher={VLDB Endowment}
}


@inproceedings{paparrizos2021vergedb,
  title={VergeDB: A Database for IoT Analytics on Edge Devices.},
  author={Paparrizos, John and Liu, Chunwei and Barbarioli, Bruno and Hwang, Johnny and Edian, Ikraduya and Elmore, Aaron J and Franklin, Michael J and Krishnan, Sanjay},
  booktitle={CIDR},
  year={2021}
}


@article{hinton2006fast,
  title={A fast learning algorithm for deep belief nets},
  author={Hinton, Geoffrey E and Osindero, Simon and Teh, Yee-Whye},
  journal={Neural computation},
  volume={18},
  number={7},
  pages={1527--1554},
  year={2006},
  publisher={MIT Press}
}

@inproceedings{tan2017indexing,
  title={Indexing and classifying gigabytes of time series under time warping},
  author={Tan, Chang Wei and Webb, Geoffrey I and Petitjean, Fran{\c{c}}ois},
  booktitle={SDM},
  pages={282--290},
  year={2017},
  organization={SIAM}
}

@inproceedings{chen2005robust,
  title={Robust and fast similarity search for moving object trajectories},
  author={Chen, Lei and {\"O}zsu, M Tamer and Oria, Vincent},
  booktitle={SIGMOD},
  pages={491--502},
  year={2005}
}

@inproceedings{bengio2007greedy,
  title={Greedy layer-wise training of deep networks},
  author={Bengio, Yoshua and Lamblin, Pascal and Popovici, Dan and Larochelle, Hugo},
  booktitle={Advances in neural information processing systems},
  pages={153--160},
  year={2007}
}

@article{bengio2012unsupervised,
  title={Unsupervised feature learning and deep learning: A review and new perspectives},
  author={Bengio, Yoshua and Courville, Aaron C and Vincent, Pascal},
  journal={CoRR, abs/1206.5538},
  volume={1},
  year={2012}
}

@article{bengio2007scaling,
  title={Scaling learning algorithms towards AI},
  author={Bengio, Yoshua and LeCun, Yann and others},
  journal={Large-scale kernel machines},
  volume={34},
  number={5},
  pages={1--41},
  year={2007}
}

@article{zhang1998forecasting,
  title={Forecasting with artificial neural networks:: The state of the art},
  author={Zhang, Guoqiang and Patuwo, B Eddy and Hu, Michael Y},
  journal={International journal of forecasting},
  volume={14},
  number={1},
  pages={35--62},
  year={1998},
  publisher={Elsevier}
}

@article{wang2006characteristic,
  title={Characteristic-based clustering for time series data},
  author={Wang, Xiaozhe and Smith, Kate and Hyndman, Rob},
  journal={Data mining and knowledge Discovery},
  volume={13},
  number={3},
  pages={335--364},
  year={2006},
  publisher={Springer}
}

@article{fulcher2013highly,
  title={Highly comparative time-series analysis: the empirical structure of time series and their methods},
  author={Fulcher, Ben D and Little, Max A and Jones, Nick S},
  journal={Journal of The Royal Society Interface},
  volume={10},
  number={83},
  pages={20130048},
  year={2013},
  publisher={The Royal Society}
}

@article{deng2013time,
  title={A time series forest for classification and feature extraction},
  author={Deng, Houtao and Runger, George and Tuv, Eugene and Vladimir, Martyanov},
  journal={Information Sciences},
  volume={239},
  pages={142--153},
  year={2013},
  publisher={Elsevier}
}

@article{nanopoulos2001feature,
  title={Feature-based classification of time-series data},
  author={Nanopoulos, Alex and Alcock, Rob and Manolopoulos, Yannis},
  journal={International Journal of Computer Research},
  volume={10},
  number={3},
  pages={49--61},
  year={2001}
}

@article{gardner2006exponential,
  title={Exponential smoothing: The state of the artÑPart II},
  author={Gardner, Everette S},
  journal={International journal of forecasting},
  volume={22},
  number={4},
  pages={637--666},
  year={2006},
  publisher={Elsevier}
}

@article{brahim2004gaussian,
  title={Gaussian process for nonstationary time series prediction},
  author={Brahim-Belhouari, Sofiane and Bermak, Amine},
  journal={Computational Statistics \& Data Analysis},
  volume={47},
  number={4},
  pages={705--712},
  year={2004},
  publisher={Elsevier}
}

@article{fulcher2017feature,
  title={Feature-based time-series analysis},
  author={Fulcher, Ben D},
  journal={arXiv preprint arXiv:1709.08055},
  year={2017}
}

@book{box2015time,
  title={Time series analysis: forecasting and control},
  author={Box, George EP and Jenkins, Gwilym M and Reinsel, Gregory C and Ljung, Greta M},
  year={2015},
  publisher={John Wiley \& Sons}
}

@book{hyndman2014forecasting,
  title={Forecasting: principles and practice},
  author={Hyndman, Rob J and Athanasopoulos, George},
  year={2014},
  publisher={OTexts}
}

@inproceedings{mueen2010fast,
  title={Fast approximate correlation for massive time-series data},
  author={Mueen, Abdullah and Nath, Suman and Liu, Jie},
  booktitle={SIGMOD},
  pages={171--182},
  year={2010},
  organization={ACM}
}

@article{rabiner1986introduction,
  title={An introduction to hidden Markov models},
  author={Rabiner, Lawrence and Juang, B},
  journal={ieee assp magazine},
  volume={3},
  number={1},
  pages={4--16},
  year={1986},
  publisher={IEEE}
}

@book{lutkepohl2005new,
  title={New introduction to multiple time series analysis},
  author={L{\"u}tkepohl, Helmut},
  year={2005},
  publisher={Springer Science \& Business Media}
}

@book{luenberger1979introduction,
  title={Introduction to dynamic systems: theory, models, and applications},
  author={Luenberger, David G},
  volume={1},
  year={1979},
  publisher={Wiley New York}
}

@article{fulcher2014highly,
  title={Highly comparative feature-based time-series classification},
  author={Fulcher, Ben D and Jones, Nick S},
  journal={IEEE Transactions on Knowledge and Data Engineering},
  volume={26},
  number={12},
  pages={3026--3037},
  year={2014},
  publisher={IEEE}
}

@article{lines2015time,
  title={Time series classification with ensembles of elastic distance measures},
  author={Lines, Jason and Bagnall, Anthony},
  journal={Data Mining and Knowledge Discovery},
  volume={29},
  number={3},
  pages={565--592},
  year={2015},
  publisher={Springer}
}

@article{gittens2013revisiting,
  title={Revisiting the Nystr{\"o}m method for improved large-scale machine learning},
  author={Gittens, Alex and Mahoney, Michael W},
  journal={J. Mach. Learn. Res},
  volume={28},
  number={3},
  pages={567--575},
  year={2013}
}

@inproceedings{suykens1999least,
  title={Least squares support vector machine classifiers: a large scale algorithm},
  author={Suykens, JAK and Lukas, Lukas and Van Dooren, P and De Moor, Bart and Vandewalle, Joos and others},
  booktitle={European Conference on Circuit Theory and Design, ECCTD},
  volume={99},
  pages={839--842},
  year={1999}
}

@article{li2016fast,
  title={Fast DPP Sampling for Nystr$\backslash$" om with Application to Kernel Methods},
  author={Li, Chengtao and Jegelka, Stefanie and Sra, Suvrit},
  journal={arXiv preprint arXiv:1603.06052},
  year={2016}
}

@inproceedings{bachem2016fast,
  title={Fast and provably good seedings for k-means},
  author={Bachem, Olivier and Lucic, Mario and Hassani, Hamed and Krause, Andreas},
  booktitle={Advances in Neural Information Processing Systems},
  pages={55--63},
  year={2016}
}

@article{chang2011libsvm,
  title={LIBSVM: a library for support vector machines},
  author={Chang, Chih-Chung and Lin, Chih-Jen},
  journal={ACM transactions on intelligent systems and technology (TIST)},
  volume={2},
  number={3},
  pages={27},
  year={2011},
  publisher={Acm}
}

@article{fan2008liblinear,
  title={LIBLINEAR: A library for large linear classification},
  author={Fan, Rong-En and Chang, Kai-Wei and Hsieh, Cho-Jui and Wang, Xiang-Rui and Lin, Chih-Jen},
  journal={Journal of machine learning research},
  volume={9},
  number={Aug},
  pages={1871--1874},
  year={2008}
}

@inproceedings{sakurai2005braid,
  title={Braid: Stream mining through group lag correlations},
  author={Sakurai, Yasushi and Papadimitriou, Spiros and Faloutsos, Christos},
  booktitle={SIGMOD},
  pages={599--610},
  year={2005},
  organization={ACM}
}

@inproceedings{kulesza2010structured,
  title={Structured determinantal point processes},
  author={Kulesza, Alex and Taskar, Ben},
  booktitle={NIPS},
  pages={1171--1179},
  year={2010}
}

@inproceedings{affandi2013nystrom,
  title={Nystrom approximation for large-scale determinantal processes},
  author={Affandi, Raja Hafiz and Kulesza, Alex and Fox, Emily and Taskar, Ben},
  booktitle={Artificial Intelligence and Statistics},
  pages={85--98},
  year={2013}
}

@inproceedings{zhu2002statstream,
  title={Statstream: Statistical monitoring of thousands of data streams in real time},
  author={Zhu, Yunyue and Shasha, Dennis},
  booktitle={VLDB},
  pages={358--369},
  year={2002},
  organization={VLDB Endowment}
}

@inproceedings{shindler2011fast,
  title={Fast and accurate k-means for large datasets},
  author={Shindler, Michael and Wong, Alex and Meyerson, Adam W},
  booktitle={NIPS},
  pages={2375--2383},
  year={2011}
}

@inproceedings{bottou1995convergence,
  title={Convergence properties of the k-means algorithms},
  author={Bottou, Leon and Bengio, Yoshua},
  booktitle={NIPS},
  pages={585--592},
  year={1995}
}

@article{olshausen1997sparse,
  title={Sparse coding with an overcomplete basis set: A strategy employed by V1?},
  author={Olshausen, Bruno A and Field, David J},
  journal={Vision research},
  volume={37},
  number={23},
  pages={3311--3325},
  year={1997},
  publisher={Elsevier}
}

@book{mallat1999wavelet,
  title={A wavelet tour of signal processing},
  author={Mallat, St{\'e}phane},
  year={1999},
  publisher={Academic press}
}

@inproceedings{mairal2009online,
  title={Online dictionary learning for sparse coding},
  author={Mairal, Julien and Bach, Francis and Ponce, Jean and Sapiro, Guillermo},
  booktitle={ICML},
  pages={689--696},
  year={2009},
  organization={ACM}
}

@inproceedings{lee2007efficient,
  title={Efficient sparse coding algorithms},
  author={Lee, Honglak and Battle, Alexis and Raina, Rajat and Ng, Andrew Y},
  booktitle={NIPS},
  pages={801--808},
  year={2007}
}

@inproceedings{sculley2010web,
  title={Web-scale k-means clustering},
  author={Sculley, David},
  booktitle={WWW},
  pages={1177--1178},
  year={2010},
  organization={ACM}
}

@inproceedings{ailon2009streaming,
  title={Streaming k-means approximation},
  author={Ailon, Nir and Jaiswal, Ragesh and Monteleoni, Claire},
  booktitle={NIPS},
  pages={10--18},
  year={2009}
}

@article{guha2003clustering,
  title={Clustering data streams: Theory and practice},
  author={Guha, Sudipto and Meyerson, Adam and Mishra, Nina and Motwani, Rajeev and O'Callaghan, Liadan},
  journal={IEEE Transactions on Knowledge and Data Engineering},
  volume={15},
  number={3},
  pages={515--528},
  year={2003},
  publisher={IEEE}
}

@inproceedings{li1996hierarchyscan,
  title={Hierarchyscan: A hierarchical similarity search algorithm for databases of long sequences},
  author={Li, Chung-Sheng and Yu, Philip S. and Castelli, Vittorio},
  booktitle={ICDE},
  pages={546--553},
  year={1996},
  organization={IEEE}
}

@book{golub2012matrix,
  title={Matrix computations},
  author={Golub, Gene H and Van Loan, Charles F},
  volume={3},
  year={2012},
  publisher={JHU Press}
}

@book{hamilton1994time,
  title={Time series analysis},
  author={Hamilton, James Douglas},
  volume={2},
  year={1994},
  publisher={Princeton university press Princeton}
}

@article{yang200610,
  title={10 challenging problems in data mining research},
  author={Yang, Qiang and Wu, Xindong},
  journal={International Journal of Information Technology \& Decision Making},
  volume={5},
  number={04},
  pages={597--604},
  year={2006},
  publisher={World Scientific}
}

@article{lecun1995convolutional,
  title={Convolutional networks for images, speech, and time series},
  author={LeCun, Yann and Bengio, Yoshua and others},
  journal={The handbook of brain theory and neural networks},
  volume={3361},
  number={10},
  pages={1995},
  year={1995}
}

@article{cortes1995support,
  title={Support-vector networks},
  author={Cortes, Corinna and Vapnik, Vladimir},
  journal={Machine learning},
  volume={20},
  number={3},
  pages={273--297},
  year={1995},
  publisher={Springer}
}


@inproceedings{muller1997predicting,
  title={Predicting time series with support vector machines},
  author={M{\"u}ller, K-R and Smola, Alexander J and R{\"a}tsch, Gunnar and Sch{\"o}lkopf, Bernhard and Kohlmorgen, Jens and Vapnik, Vladimir},
  booktitle={International Conference on Artificial Neural Networks},
  pages={999--1004},
  year={1997},
  organization={Springer}
}


@misc{UCRArchive2018,
        title = {The UCR Time Series Classification Archive},
        author = {Dau, Hoang Anh and Keogh, Eamonn and Kamgar, Kaveh and Yeh, Chin-Chia Michael and Zhu, Yan and Gharghabi, Shaghayegh and Ratanamahatana, Chotirat Ann and Yanping and Hu, Bing and Begum, Nurjahan and Bagnall, Anthony and Mueen, Abdullah and Batista, Gustavo and Hexagon-ML},
        year = {2018},
        month = {October},
        note = {\url{https://www.cs.ucr.edu/~eamonn/time_series_data_2018/}}
    }

@online{TSDistEval2019,
  title = {Benchmarking for Time-Series Tasks},
  url = {http://www.timeseries.org/benchmarking},
  urldate = {2012-07-23}
}
    
@misc{UCR2018Fixes,
title={2018 UCR Time-Series Archive: Backward Compatibility, Missing Values, and Varying Lengths},
author={Paparrizos, John},
year={2019},
month={January},
note = {\url{https://github.com/johnpaparrizos/UCRArchiveFixes}}
}

@article{dietterich2002machine,
  title={Machine learning for sequential data: A review},
  author={Dietterich, Thomas},
  journal={Structural, syntactic, and statistical pattern recognition},
  pages={227--246},
  year={2002},
  publisher={Springer}
}

@inproceedings{bach2005predictive,
  title={Predictive low-rank decomposition for kernel methods},
  author={Bach, Francis R and Jordan, Michael I},
  booktitle={Proceedings of the 22nd international conference on Machine learning},
  pages={33--40},
  year={2005},
  organization={ACM}
}

@inproceedings{avron2014subspace,
  title={Subspace embeddings for the polynomial kernel},
  author={Avron, Haim and Nguyen, Huy and Woodruff, David},
  booktitle={Advances in Neural Information Processing Systems},
  pages={2258--2266},
  year={2014}
}

@inproceedings{scholkopf2001kernel,
  title={The kernel trick for distances},
  author={Sch{\"o}lkopf, Bernhard},
  booktitle={Advances in neural information processing systems},
  pages={301--307},
  year={2001}
}

@inproceedings{ng2002spectral,
  title={On spectral clustering: Analysis and an algorithm},
  author={Ng, Andrew Y and Jordan, Michael I and Weiss, Yair},
  booktitle={NIPS},
  pages={849--856},
  year={2002}
}

@inproceedings{yang2012nystrom,
  title={Nystr{\"o}m method vs random fourier features: A theoretical and empirical comparison},
  author={Yang, Tianbao and Li, Yu-Feng and Mahdavi, Mehrdad and Jin, Rong and Zhou, Zhi-Hua},
  booktitle={Advances in neural information processing systems},
  pages={476--484},
  year={2012}
}

@inproceedings{maji2009max,
  title={Max-margin additive classifiers for detection},
  author={Maji, Subhransu and Berg, Alexander C},
  booktitle={Computer Vision, 2009 IEEE 12th International Conference on},
  pages={40--47},
  year={2009},
  organization={IEEE}
}

@inproceedings{kar2012random,
  title={Random feature maps for dot product kernels},
  author={Kar, Purushottam and Karnick, Harish},
  booktitle={International conference on artificial intelligence and statistics},
  pages={583--591},
  year={2012}
}

@inproceedings{hamid2014compact,
  title={Compact random feature maps},
  author={Hamid, Raffay and Xiao, Ying and Gittens, Alex and DeCoste, Dennis},
  booktitle={Proceedings of the 31st International Conference on Machine Learning (ICML-14)},
  pages={19--27},
  year={2014}
}

@InProceedings{pmlr-v70-oglic17a,
  title = 	 {{N}ystr{\"o}m Method with Kernel K-means++ Samples as Landmarks},
  author = 	 {Dino Oglic and Thomas G{\"a}rtner},
  booktitle = 	 {Proceedings of the 34th International Conference on Machine Learning},
  pages = 	 {2652--2660},
  year = 	 {2017},
  editor = 	 {Doina Precup and Yee Whye Teh},
  volume = 	 {70},
  series = 	 {Proceedings of Machine Learning Research},
  address = 	 {International Convention Centre, Sydney, Australia},
  month = 	 {06--11 Aug},
  publisher = 	 {PMLR},
  pdf = 	 {http://proceedings.mlr.press/v70/oglic17a/oglic17a.pdf},
  url = 	 {http://proceedings.mlr.press/v70/oglic17a.html},
  abstract = 	 {We investigate, theoretically and empirically, the effectiveness of kernel K-means++ samples as landmarks in the Nystrm method for low-rank approximation of kernel matrices. Previous empirical studies (Zhang et al., 2008; Kumar et al.,2012) observe that the landmarks obtained using (kernel) K-means clustering define a good low-rank approximation of kernel matrices. However, the existing work does not provide a theoretical guarantee on the approximation error for this approach to landmark selection. We close this gap and provide the first bound on the approximation error of the Nystrm method with kernel K-means++ samples as landmarks. Moreover, for the frequently used Gaussian kernel we provide a theoretically sound motivation for performing Lloyd refinements of kernel K-means++ landmarks in the instance space. We substantiate our theoretical results empirically by comparing the approach to several state-of-the-art algorithms.}
}

@article{frigo2005design,
  title={The design and implementation of {FFTW3}},
  author={Frigo, Matteo and Johnson, Steven G},
  journal={Proceedings of the IEEE},
  volume={93},
  number={2},
  pages={216--231},
  year={2005}
}

@article{aizerman1964theoretical,
  title={Theoretical foundations of the potential function method in pattern recognition learning},
  author={Aizerman, A and Braverman, EM and Rozoner, LI},
  journal={Automation and Remote Control},
  volume={25},
  pages={821--837},
  year={1964}
}

@article{cooley1965algorithm,
  title={An algorithm for the machine calculation of complex {F}ourier series},
  author={Cooley, James W and Tukey, John W},
  journal={Mathematics of Computation},
  volume={19},
  number={90},
  pages={297--301},
  year={1965}
}


@article{chan2003haar,
  title={Haar wavelets for efficient similarity search of time-series: with and without time warping},
  author={Chan, FK-P and Fu, AW-C and Yu, Clement},
  journal={IEEE Transactions on knowledge and data engineering},
  volume={15},
  number={3},
  pages={686--705},
  year={2003},
  publisher={IEEE}
}

@inproceedings{yi2000fast,
  title={Fast time sequence indexing for arbitrary Lp norms},
  author={Yi, Byoung-Kee and Faloutsos, Christos},
  year={2000},
  organization={VLDB}
}

@inproceedings{chiu2003probabilistic,
  title={Probabilistic discovery of time series motifs},
  author={Chiu, Bill and Keogh, Eamonn and Lonardi, Stefano},
  booktitle={Proceedings of the ninth ACM SIGKDD international conference on Knowledge discovery and data mining},
  pages={493--498},
  year={2003},
  organization={ACM}
}

@inproceedings{mueen2009exact,
  title={Exact discovery of time series motifs},
  author={Mueen, Abdullah and Keogh, Eamonn and Zhu, Qiang and Cash, Sydney and Westover, Brandon},
  booktitle={Proceedings of the 2009 SIAM international conference on data mining},
  pages={473--484},
  year={2009},
  organization={SIAM}
}

@article{begum2014rare,
  title={Rare time series motif discovery from unbounded streams},
  author={Begum, Nurjahan and Keogh, Eamonn},
  journal={Proceedings of the VLDB Endowment},
  volume={8},
  number={2},
  pages={149--160},
  year={2014},
  publisher={VLDB Endowment}
}



@inproceedings{megalooikonomou2004dimensionality,
  title={A dimensionality reduction technique for efficient similarity analysis of time series databases},
  author={Megalooikonomou, Vasileios and Li, Guo and Wang, Qiang},
  booktitle={Proceedings of the thirteenth ACM international conference on Information and knowledge management},
  pages={160--161},
  year={2004},
  organization={ACM}
}

@article{paparrizos2019grail,
  title={GRAIL: efficient time-series representation learning},
  author={Paparrizos, John and Franklin, Michael J},
  journal={Proceedings of the VLDB Endowment},
  volume={12},
  number={11},
  pages={1762--1777},
  year={2019},
  publisher={VLDB Endowment}
}


@inproceedings{paparrizos2015k,
  title={k-shape: Efficient and accurate clustering of time series},
  author={Paparrizos, John and Gravano, Luis},
  booktitle={Proceedings of the 2015 ACM SIGMOD International Conference on Management of Data},
  pages={1855--1870},
  year={2015},
  organization={ACM}
}

@inproceedings{schafer2012sfa,
  title={SFA: a symbolic fourier approximation and index for similarity search in high dimensional datasets},
  author={Sch{\"a}fer, Patrick and H{\"o}gqvist, Mikael},
  booktitle={Proceedings of the 15th International Conference on Extending Database Technology},
  pages={516--527},
  year={2012},
  organization={ACM}
}

@article{hofmann2008kernel,
  title={Kernel methods in machine learning},
  author={Hofmann, Thomas and Sch{\"o}lkopf, Bernhard and Smola, Alexander J},
  journal={The annals of statistics},
  pages={1171--1220},
  year={2008},
  publisher={JSTOR}
}

@techreport{haussler1999convolution,
  title={Convolution kernels on discrete structures},
  author={Haussler, David},
  year={1999},
  institution={Technical report, Department of Computer Science, University of California at Santa Cruz}
}

@inproceedings{collins2002convolution,
  title={Convolution kernels for natural language},
  author={Collins, Michael and Duffy, Nigel},
  booktitle={Advances in neural information processing systems},
  pages={625--632},
  year={2002}
}

@inproceedings{suzuki2004convolution,
  title={Convolution kernels with feature selection for natural language processing tasks},
  author={Suzuki, Jun and Isozaki, Hideki and Maeda, Eisaku},
  booktitle={Proceedings of the 42nd Annual Meeting on Association for Computational Linguistics},
  pages={119},
  year={2004},
  organization={Association for Computational Linguistics}
}

@inproceedings{shin2008generalization,
  title={A generalization of Haussler's convolution kernel: mapping kernel},
  author={Shin, Kilho and Kuboyama, Tetsuji},
  booktitle={Proceedings of the 25th international conference on Machine learning},
  pages={944--951},
  year={2008},
  organization={ACM}
}

@inproceedings{haasdonk2004learning,
  title={Learning with distance substitution kernels},
  author={Haasdonk, Bernard and Bahlmann, Claus},
  booktitle={DAGM-Symposium},
  volume={3175},
  pages={220--227},
  year={2004},
  organization={Springer}
}

@inproceedings{bahlmann2002online,
  title={Online handwriting recognition with support vector machines-a kernel approach},
  author={Bahlmann, Claus and Haasdonk, Bernard and Burkhardt, Hans},
  booktitle={Frontiers in handwriting recognition, 2002. proceedings. eighth international workshop on},
  pages={49--54},
  year={2002},
  organization={IEEE}
}

@inproceedings{shimodaira2002dynamic,
  title={Dynamic time-alignment kernel in support vector machine},
  author={Shimodaira, Hiroshi and Noma, Ken-ichi and Nakai, Mitsuru and Sagayama, Shigeki},
  booktitle={Advances in neural information processing systems},
  pages={921--928},
  year={2002}
}

@inproceedings{cuturi2007kernel,
  title={A kernel for time series based on global alignments},
  author={Cuturi, Marco and Vert, Jean-Philippe and Birkenes, Oystein and Matsui, Tomoko},
  booktitle={Acoustics, Speech and Signal Processing, 2007. ICASSP 2007. IEEE International Conference on},
  volume={2},
  pages={II--413},
  year={2007},
  organization={IEEE}
}

@inproceedings{ge2000deformable,
  title={Deformable Markov model templates for time-series pattern matching},
  author={Ge, Xianping and Smyth, Padhraic},
  booktitle={Proceedings of the sixth ACM SIGKDD international conference on Knowledge discovery and data mining},
  pages={81--90},
  year={2000},
  organization={ACM}
}

@inproceedings{keogh2004indexing,
  title={Indexing large human-motion databases},
  author={Keogh, Eamonn and Palpanas, Themistoklis and Zordan, Victor B and Gunopulos, Dimitrios and Cardle, Marc},
  booktitle={Proceedings of the Thirtieth international conference on Very large data bases-Volume 30},
  pages={780--791},
  year={2004},
  organization={VLDB Endowment}
}

@inproceedings{wachman2009kernels,
  title={Kernels for periodic time series arising in astronomy},
  author={Wachman, Gabriel and Khardon, Roni and Protopapas, Pavlos and Alcock, Charles R},
  booktitle={Joint European Conference on Machine Learning and Knowledge Discovery in Databases},
  pages={489--505},
  year={2009},
  organization={Springer}
}

@inproceedings{cuturi2011fast,
  title={Fast global alignment kernels},
  author={Cuturi, Marco},
  booktitle={Proceedings of the 28th international conference on machine learning (ICML-11)},
  pages={929--936},
  year={2011}
}

@article{mercer1909functions,
  title={Functions of positive and negative type, and their connection with the theory of integral equations},
  author={Mercer, James},
  journal={Philosophical transactions of the royal society of London. Series A, containing papers of a mathematical or physical character},
  volume={209},
  pages={415--446},
  year={1909},
  publisher={JSTOR}
}

@book{cristianini2000introduction,
  title={An introduction to support vector machines and other kernel-based learning methods},
  author={Cristianini, Nello and Shawe-Taylor, John},
  year={2000},
  publisher={Cambridge university press}
}

@inproceedings{petitjean2014dynamic,
  title={Dynamic time warping averaging of time series allows faster and more accurate classification},
  author={Petitjean, Fran{\c{c}}ois and Forestier, Germain and Webb, Geoffrey I and Nicholson, Ann E and Chen, Yanping and Keogh, Eamonn},
  booktitle={2014 IEEE international conference on data mining},
  pages={470--479},
  year={2014},
  organization={IEEE}
}


@incollection{ralanamahatana2005mining,
  title={Mining time series data},
  author={Ralanamahatana, Chotirat Ann and Lin, Jessica and Gunopulos, Dimitrios and Keogh, Eamonn and Vlachos, Michail and Das, Gautam},
  booktitle={Data mining and knowledge discovery handbook},
  pages={1069--1103},
  year={2005},
  publisher={Springer}
}


@article{brown1992survey,
  title={A survey of image registration techniques},
  author={Brown, Lisa Gottesfeld},
  journal={ACM computing surveys (CSUR)},
  volume={24},
  number={4},
  pages={325--376},
  year={1992},
  publisher={ACM}
}


@inproceedings{arthur2007k,
  title={k-means++: The advantages of careful seeding},
  author={Arthur, David and Vassilvitskii, Sergei},
  booktitle={Proceedings of the eighteenth annual ACM-SIAM symposium on Discrete algorithms},
  pages={1027--1035},
  year={2007},
  organization={Society for Industrial and Applied Mathematics}
}

@inproceedings{lin1995fast,
  title={Fast similarity search in the presence of noise, scaling, and translation in time-series databases},
  author={Agrawal, Rakesh and Lin, King-Ip and Sawhney, Harpreet S. and Shim, Kyuseok},
  booktitle={Proceeding of the 21th International Conference on Very Large Data Bases},
  pages={490--501},
  year={1995},
  organization={Citeseer}
}

@inproceedings{rafiei1997similarity,
  title={Similarity-based queries for time series data},
  author={Rafiei, Davood and Mendelzon, Alberto},
  booktitle={ACM SIGMOD Record},
  volume={26},
  number={2},
  pages={13--25},
  year={1997},
  organization={ACM}
}


@inproceedings{xi2006fast,
  title={Fast time series classification using numerosity reduction},
  author={Xi, Xiaopeng and Keogh, Eamonn and Shelton, Christian and Wei, Li and Ratanamahatana, Chotirat Ann},
  booktitle={Proceedings of the 23rd international conference on Machine learning},
  pages={1033--1040},
  year={2006},
  organization={ACM}
}

@inproceedings{liberty2013simple,
  title={Simple and deterministic matrix sketching},
  author={Liberty, Edo},
  booktitle={Proceedings of the 19th ACM SIGKDD international conference on Knowledge discovery and data mining},
  pages={581--588},
  year={2013},
  organization={ACM}
}

@inproceedings{lin2003symbolic,
  title={A symbolic representation of time series, with implications for streaming algorithms},
  author={Lin, Jessica and Keogh, Eamonn and Lonardi, Stefano and Chiu, Bill},
  booktitle={Proceedings of the 8th ACM SIGMOD workshop on Research issues in data mining and knowledge discovery},
  pages={2--11},
  year={2003},
  organization={ACM}
}

@inproceedings{Agrawal1995,
 author = {Agrawal, Rakesh and Lin, King-Ip and Sawhney, Harpreet S. and Shim, Kyuseok},
 title = {Fast Similarity Search in the Presence of Noise, Scaling, and Translation in Time-Series Databases},
 booktitle = {Proceedings of the 21th International Conference on Very Large Data Bases},
 series = {VLDB '95},
 year = {1995},
 isbn = {1-55860-379-4},
 pages = {490--501},
 numpages = {12},
 url = {http://dl.acm.org/citation.cfm?id=645921.673155},
 acmid = {673155},
 publisher = {Morgan Kaufmann Publishers Inc.},
 address = {San Francisco, CA, USA},
} 

@inproceedings{RaviKanth1998,
 author = {Ravi Kanth, K. V. and Agrawal, Divyakant and Singh, Ambuj},
 title = {Dimensionality Reduction for Similarity Searching in Dynamic Databases},
 booktitle = {Proceedings of the 1998 ACM SIGMOD International Conference on Management of Data},
 series = {SIGMOD '98},
 year = {1998},
 isbn = {0-89791-995-5},
 location = {Seattle, Washington, USA},
 pages = {166--176},
 numpages = {11},
 url = {http://doi.acm.org/10.1145/276304.276320},
 doi = {10.1145/276304.276320},
 acmid = {276320},
 publisher = {ACM},
 address = {New York, NY, USA},
} 

@inproceedings{shatkay1996approximate,
  title={Approximate queries and representations for large data sequences},
  author={Shatkay, Hagit and Zdonik, Stanley B},
  booktitle={Data Engineering, 1996. Proceedings of the Twelfth International Conference on},
  pages={536--545},
  year={1996},
  organization={IEEE}
}

@inproceedings{megalooikonomou2005multiresolution,
  title={A multiresolution symbolic representation of time series},
  author={Megalooikonomou, Vasileios and Wang, Qiang and Li, Guo and Faloutsos, Christos},
  booktitle={Data Engineering, 2005. ICDE 2005. Proceedings. 21st International Conference on},
  pages={668--679},
  year={2005},
  organization={IEEE}
}

@inproceedings{struzik1999measuring,
  title={Measuring time series similarity through large singular features revealed with wavelet transformation},
  author={Struzik, Zbigniew R and Siebes, Arno},
  booktitle={Database and Expert Systems Applications, 1999. Proceedings. Tenth International Workshop on},
  pages={162--166},
  year={1999},
  organization={IEEE}
}

@article{vlachos2004indexing,
  title={Indexing time-series under conditions of noise},
  author={Vlachos, Michail and Gunopulos, Dimitrios and Das, Gautam},
  journal={Data mining in time series databases},
  volume={57},
  pages={67--100},
  year={2004},
  publisher={World Scientific}
}

@article{keogh2001dimensionality,
  title={Dimensionality reduction for fast similarity search in large time series databases},
  author={Keogh, Eamonn and Chakrabarti, Kaushik and Pazzani, Michael and Mehrotra, Sharad},
  journal={Knowledge and information Systems},
  volume={3},
  number={3},
  pages={263--286},
  year={2001},
  publisher={Springer}
}

@book{Shasha2004hpd,
 author = {Shasha, Dennis and Zhu, Yunyue},
 title = {High Performance Discovery In Time Series: Techniques And Case Studies (Monographs in Computer Science)},
 year = {2004},
 isbn = {0387008578},
 publisher = {SpringerVerlag},
} 
[download]

@inproceedings{popivanov2002similarity,
  title={Similarity search over time-series data using wavelets},
  author={Popivanov, Ivan and Miller, Renee J},
  booktitle={Data Engineering, 2002. Proceedings. 18th International Conference on},
  pages={212--221},
  year={2002},
  organization={IEEE}
}

@inproceedings{Korn1997,
 author = {Korn, Flip and Jagadish, H. V. and Faloutsos, Christos},
 title = {Efficiently Supporting Ad Hoc Queries in Large Datasets of Time Sequences},
 booktitle = {Proceedings of the 1997 ACM SIGMOD International Conference on Management of Data},
 series = {SIGMOD '97},
 year = {1997},
 isbn = {0-89791-911-4},
 location = {Tucson, Arizona, USA},
 pages = {289--300},
 numpages = {12},
 url = {http://doi.acm.org/10.1145/253260.253332},
 doi = {10.1145/253260.253332},
 acmid = {253332},
 publisher = {ACM},
 address = {New York, NY, USA},
} 


@book{lee2007nonlinear,
  title={Nonlinear dimensionality reduction},
  author={Lee, John A and Verleysen, Michel},
  year={2007},
  publisher={Springer Science \& Business Media}
}


@inproceedings{chan1999efficient,
  title={Efficient time series matching by wavelets},
  author={Chan, Kin-Pong and Fu, Ada Wai-Chee},
  booktitle={Data Engineering, 1999. Proceedings., 15th International Conference on},
  pages={126--133},
  year={1999},
  organization={IEEE}
}

@article{fernandez2014we,
  title={Do we need hundreds of classifiers to solve real world classification problems?},
  author={Fern{\'a}ndez-Delgado, Manuel and Cernadas, Eva and Barro, Sen{\'e}n and Amorim, Dinani},
  journal={The journal of machine learning research},
  volume={15},
  number={1},
  pages={3133--3181},
  year={2014},
  publisher={JMLR. org}
}

@article{cunningham2015linear,
  title={Linear dimensionality reduction: survey, insights, and generalizations.},
  author={Cunningham, John P and Ghahramani, Zoubin},
  journal={Journal of Machine Learning Research},
  volume={16},
  number={1},
  pages={2859--2900},
  year={2015}
}

@article{pearson1901,
  title={LIII. On lines and planes of closest fit to systems of points in space},
  author={Pearson, Karl},
  journal={The London, Edinburgh, and Dublin Philosophical Magazine and Journal of Science},
  volume={2},
  number={11},
  pages={559--572},
  year={1901},
  publisher={Taylor \& Francis}
}

@article{hotelling1933analysis,
  title={Analysis of a complex of statistical variables into principal components.},
  author={Hotelling, Harold},
  journal={Journal of educational psychology},
  volume={24},
  number={6},
  pages={417},
  year={1933},
  publisher={Warwick \& York}
}

@article{torgerson1952multidimensional,
  title={Multidimensional scaling: I. Theory and method},
  author={Torgerson, Warren S},
  journal={Psychometrika},
  volume={17},
  number={4},
  pages={401--419},
  year={1952},
  publisher={Springer}
}

@book{cox2000multidimensional,
  title={Multidimensional scaling},
  author={Cox, Trevor F and Cox, Michael AA},
  year={2000},
  publisher={CRC press}
}

@article{esling2012time,
  title={Time-series data mining},
  author={Esling, Philippe and Agon, Carlos},
  journal={ACM Computing Surveys (CSUR)},
  volume={45},
  number={1},
  pages={12},
  year={2012},
  publisher={ACM}
}

@article{wang2013experimental,
  title={Experimental comparison of representation methods and distance measures for time series data},
  author={Wang, Xiaoyue and Mueen, Abdullah and Ding, Hui and Trajcevski, Goce and Scheuermann, Peter and Keogh, Eamonn},
  journal={Data Mining and Knowledge Discovery},
  pages={1--35},
  year={2013},
  publisher={Springer}
}

@article{ding2008querying,
  title={Querying and mining of time series data: experimental comparison of representations and distance measures},
  author={Ding, Hui and Trajcevski, Goce and Scheuermann, Peter and Wang, Xiaoyue and Keogh, Eamonn},
  journal={Proceedings of the VLDB Endowment},
  volume={1},
  number={2},
  pages={1542--1552},
  year={2008},
  publisher={VLDB Endowment}
}

@article{yang200610,
  title={10 challenging problems in data mining research},
  author={Yang, Qiang and Wu, Xindong},
  journal={International Journal of Information Technology \& Decision Making},
  volume={5},
  number={04},
  pages={597--604},
  year={2006},
  publisher={World Scientific}
}

@inproceedings{palpanas2016big,
  title={Big sequence management: A glimpse of the past, the present, and the future},
  author={Palpanas, Themis},
  booktitle={International Conference on Current Trends in Theory and Practice of Informatics},
  pages={63--80},
  year={2016},
  organization={Springer}
}


@article{palpanas2015data,
  title={Data series management: the road to big sequence analytics},
  author={Palpanas, Themis},
  journal={ACM SIGMOD Record},
  volume={44},
  number={2},
  pages={47--52},
  year={2015},
  publisher={ACM}
}

@article{alam2015eleventh,
  title={The eleventh and twelfth data releases of the Sloan Digital Sky Survey: final data from SDSS-III},
  author={Alam, Shadab and Albareti, Franco D and Prieto, Carlos Allende and Anders, Friedrich and Anderson, Scott F and Anderton, Timothy and Andrews, Brett H and Armengaud, Eric and Aubourg, {\'E}ric and Bailey, Stephen and others},
  journal={The Astrophysical Journal Supplement Series},
  volume={219},
  number={1},
  pages={12},
  year={2015},
  publisher={IOP Publishing}
}

@article{biswal2010toward,
  title={Toward discovery science of human brain function},
  author={Biswal, Bharat B and Mennes, Maarten and Zuo, Xi-Nian and Gohel, Suril and Kelly, Clare and Smith, Steve M and Beckmann, Christian F and Adelstein, Jonathan S and Buckner, Randy L and Colcombe, Stan and others},
  journal={Proceedings of the National Academy of Sciences},
  volume={107},
  number={10},
  pages={4734--4739},
  year={2010},
  publisher={National Acad Sciences}
}

@book{han2011data,
  title={Data mining: concepts and techniques},
  author={Han, Jiawei and Pei, Jian and Kamber, Micheline},
  year={2011},
  publisher={Elsevier}
}

@article{pelkonen2015gorilla,
  title={Gorilla: A fast, scalable, in-memory time series database},
  author={Pelkonen, Tuomas and Franklin, Scott and Teller, Justin and Cavallaro, Paul and Huang, Qi and Meza, Justin and Veeraraghavan, Kaushik},
  journal={Proceedings of the VLDB Endowment},
  volume={8},
  number={12},
  pages={1816--1827},
  year={2015},
  publisher={VLDB Endowment}
}

@article{loboz2010datagarage,
  title={DataGarage: Warehousing massive performance data on commodity servers},
  author={Loboz, Charles and Smyl, Slawek and Nath, Suman},
  journal={Proceedings of the VLDB Endowment},
  volume={3},
  number={1-2},
  pages={1447--1458},
  year={2010},
  publisher={VLDB Endowment}
}

@online{ObservabilityTwitter,
  author = {Observability Team at Twitter},
  title = {{Observability at Twitter: technical overview, part I}},
  year = 2016,
  url = {https://blog.twitter.com/engineering/en_us/a/2016/observability-at-twitter-technical-overview-part-i.html}
}

@article{mahdavinejad2017machine,
  title={Machine learning for Internet of Things data analysis: A survey},
  author={Mahdavinejad, Mohammad Saeid and Rezvan, Mohammadreza and Barekatain, Mohammadamin and Adibi, Peyman and Barnaghi, Payam and Sheth, Amit P},
  journal={Digital Communications and Networks},
  year={2017},
  publisher={Elsevier}
}

@article{liao2005clustering,
  title={Clustering of time series dataÑa survey},
  author={Liao, T Warren},
  journal={Pattern recognition},
  volume={38},
  number={11},
  pages={1857--1874},
  year={2005},
  publisher={Elsevier}
}

@article{paparrizos2017fast,
  title={Fast and Accurate Time-Series Clustering},
  author={Paparrizos, John and Gravano, Luis},
  journal={ACM Transactions on Database Systems (TODS)},
  volume={42},
  number={2},
  pages={8},
  year={2017},
  publisher={ACM}
}

@article{keogh2003need,
  title={On the need for time series data mining benchmarks: a survey and empirical demonstration},
  author={Keogh, Eamonn and Kasetty, Shruti},
  journal={Data Mining and knowledge discovery},
  volume={7},
  number={4},
  pages={349--371},
  year={2003},
  publisher={Springer}
}

@article{hofmann2008kernel,
  title={Kernel methods in machine learning},
  author={Hofmann, Thomas and Sch{\"o}lkopf, Bernhard and Smola, Alexander J},
  journal={The annals of statistics},
  pages={1171--1220},
  year={2008},
  publisher={JSTOR}
}

@inproceedings{rahimi2008random,
  title={Random features for large-scale kernel machines},
  author={Rahimi, Ali and Recht, Benjamin},
  booktitle={Advances in neural information processing systems},
  pages={1177--1184},
  year={2008}
}

@article{nystrom1930praktische,
  title={{\"U}ber die praktische Aufl{\"o}sung von Integralgleichungen mit Anwendungen auf Randwertaufgaben},
  author={Nystr{\"o}m, Evert J},
  journal={Acta Mathematica},
  volume={54},
  number={1},
  pages={185--204},
  year={1930},
  publisher={Springer}
}

@article{nystrom1930praktische,
  title={{\"U}ber die praktische Aufl{\"o}sung von Integralgleichungen mit Anwendungen auf Randwertaufgaben},
  author={Nystr{\"o}m, Evert J},
  journal={Acta Mathematica},
  volume={54},
  number={1},
  pages={185--204},
  year={1930},
  publisher={Springer}
}

@inproceedings{williams2001using,
  title={Using the Nystr{\"o}m method to speed up kernel machines},
  author={Williams, Christopher KI and Seeger, Matthias},
  booktitle={Advances in neural information processing systems},
  pages={682--688},
  year={2001}
}


@book{scholkopf2002learning,
  title={Learning with kernels: support vector machines, regularization, optimization, and beyond},
  author={Sch{\"o}lkopf, Bernhard and Smola, Alexander J},
  year={2002},
  publisher={MIT press}
}

@inproceedings{scholkopf1997kernel,
  title={Kernel principal component analysis},
  author={Sch{\"o}lkopf, Bernhard and Smola, Alexander and M{\"u}ller, Klaus-Robert},
  booktitle={International Conference on Artificial Neural Networks},
  pages={583--588},
  year={1997},
  organization={Springer}
}

@article{scholkopf1998nonlinear,
  title={Nonlinear component analysis as a kernel eigenvalue problem},
  author={Sch{\"o}lkopf, Bernhard and Smola, Alexander and M{\"u}ller, Klaus-Robert},
  journal={Neural computation},
  volume={10},
  number={5},
  pages={1299--1319},
  year={1998},
  publisher={MIT Press}
}

@article{sakoe1978dynamic,
  title={Dynamic programming algorithm optimization for spoken word recognition},
  author={Sakoe, Hiroaki and Chiba, Seibi},
  journal={IEEE transactions on acoustics, speech, and signal processing},
  volume={26},
  number={1},
  pages={43--49},
  year={1978},
  publisher={IEEE}
}

@inproceedings{goldin1995similarity,
  title={On similarity queries for time-series data: constraint specification and implementation},
  author={Goldin, Dina Q and Kanellakis, Paris C},
  booktitle={International Conference on Principles and Practice of Constraint Programming},
  pages={137--153},
  year={1995},
  organization={Springer}
}

@inproceedings{argyros2003efficient,
  title={Efficient subsequence matching in time series databases under time and amplitude transformations},
  author={Argyros, Tassos and Ermopoulos, Charis},
  booktitle={Data Mining, 2003. ICDM 2003. Third IEEE International Conference on},
  pages={481--484},
  year={2003},
  organization={IEEE}
}

@inproceedings{himberg2001using,
  title={Using PCA and ICA for exploratory data analysis in situation awareness},
  author={Himberg, Johan and Mantyjarvi, Jani and Korpipaa, Panu},
  booktitle={Multisensor Fusion and Integration for Intelligent Systems, 2001. MFI 2001. International Conference on},
  pages={127--131},
  year={2001},
  organization={IEEE}
}

@inproceedings{Keogh2004ILH,
 author = {Keogh, Eamonn and Palpanas, Themistoklis and Zordan, Victor B. and Gunopulos, Dimitrios and Cardle, Marc},
 title = {Indexing Large Human-motion Databases},
 booktitle = {Proceedings of the Thirtieth International Conference on Very Large Data Bases - Volume 30},
 series = {VLDB '04},
 year = {2004},
 isbn = {0-12-088469-0},
 location = {Toronto, Canada},
 pages = {780--791},
 numpages = {12},
 url = {http://dl.acm.org/citation.cfm?id=1316689.1316757},
 acmid = {1316757},
 publisher = {VLDB Endowment},
 keywords = {animation, indexing, motion capture, time series},
} 

@article{deng2013time,
  title={A time series forest for classification and feature extraction},
  author={Deng, Houtao and Runger, George and Tuv, Eugene and Vladimir, Martyanov},
  journal={Information Sciences},
  volume={239},
  pages={142--153},
  year={2013},
  publisher={Elsevier}
}

@article{baydogan2013bag,
  title={A bag-of-features framework to classify time series},
  author={Baydogan, Mustafa Gokce and Runger, George and Tuv, Eugene},
  journal={IEEE transactions on pattern analysis and machine intelligence},
  volume={35},
  number={11},
  pages={2796--2802},
  year={2013},
  publisher={IEEE}
}

@article{hills2014classification,
  title={Classification of time series by shapelet transformation},
  author={Hills, Jon and Lines, Jason and Baranauskas, Edgaras and Mapp, James and Bagnall, Anthony},
  journal={Data Mining and Knowledge Discovery},
  volume={28},
  number={4},
  pages={851--881},
  year={2014},
  publisher={Springer}
}

@inproceedings{grabocka2014learning,
  title={Learning time-series shapelets},
  author={Grabocka, Josif and Schilling, Nicolas and Wistuba, Martin and Schmidt-Thieme, Lars},
  booktitle={Proceedings of the 20th ACM SIGKDD international conference on Knowledge discovery and data mining},
  pages={392--401},
  year={2014},
  organization={ACM}
}

@article{lin2012rotation,
  title={Rotation-invariant similarity in time series using bag-of-patterns representation},
  author={Lin, Jessica and Khade, Rohan and Li, Yuan},
  journal={Journal of Intelligent Information Systems},
  volume={39},
  number={2},
  pages={287--315},
  year={2012},
  publisher={Springer}
}


@article{kate2016using,
  title={Using dynamic time warping distances as features for improved time series classification},
  author={Kate, Rohit J},
  journal={Data Mining and Knowledge Discovery},
  volume={30},
  number={2},
  pages={283--312},
  year={2016},
  publisher={Springer}
}

@article{bagnall2017great,
  title={The great time series classification bake off: a review and experimental evaluation of recent algorithmic advances},
  author={Bagnall, Anthony and Lines, Jason and Bostrom, Aaron and Large, James and Keogh, Eamonn},
  journal={Data Mining and Knowledge Discovery},
  volume={31},
  number={3},
  pages={606--660},
  year={2017},
  publisher={Springer}
}

@inproceedings{andersen2016btrdb,
  title={BTrDB: optimizing storage system design for timeseries processing},
  author={Andersen, Michael P and Culler, David E},
  booktitle={Proceedings of the 14th USENIX Conference on File and Storage Technologies (FAST 16)},
  year={2016}
}

@article{papadopoulos2016tiledb,
  title={The TileDB array data storage manager},
  author={Papadopoulos, Stavros and Datta, Kushal and Madden, Samuel and Mattson, Timothy},
  journal={Proceedings of the VLDB Endowment},
  volume={10},
  number={4},
  pages={349--360},
  year={2016},
  publisher={VLDB Endowment}
}

@online{OpenTSDB,
  title = {{OpenTSDB}},
  url = {http://opentsdb.net}
}

@online{InfluxDB,
  title = {{InfluxDB}},
  url = {http://www.influxdata.com}
}

@inproceedings{gionis1999similarity,
  title={Similarity search in high dimensions via hashing},
  author={Gionis, Aristides and Indyk, Piotr and Motwani, Rajeev and others},
  booktitle={VLDB},
  volume={99},
  number={6},
  pages={518--529},
  year={1999}
}

@article{kulis2012kernelized,
  title={Kernelized locality-sensitive hashing},
  author={Kulis, Brian and Grauman, Kristen},
  journal={IEEE Transactions on Pattern Analysis and Machine Intelligence},
  volume={34},
  number={6},
  pages={1092--1104},
  year={2012},
  publisher={IEEE}
}

@inproceedings{lee2007efficient,
  title={Efficient sparse coding algorithms},
  author={Lee, Honglak and Battle, Alexis and Raina, Rajat and Ng, Andrew Y},
  booktitle={Advances in neural information processing systems},
  pages={801--808},
  year={2007}
}

@article{mairal2010online,
  title={Online learning for matrix factorization and sparse coding},
  author={Mairal, Julien and Bach, Francis and Ponce, Jean and Sapiro, Guillermo},
  journal={Journal of Machine Learning Research},
  volume={11},
  number={Jan},
  pages={19--60},
  year={2010}
}

@inproceedings{rahimi2008random,
  title={Random features for large-scale kernel machines},
  author={Rahimi, Ali and Recht, Benjamin},
  booktitle={Advances in neural information processing systems},
  pages={1177--1184},
  year={2008}
}

@article{fowlkes2004spectral,
  title={Spectral grouping using the Nystrom method},
  author={Fowlkes, Charless and Belongie, Serge and Chung, Fan and Malik, Jitendra},
  journal={IEEE transactions on pattern analysis and machine intelligence},
  volume={26},
  number={2},
  pages={214--225},
  year={2004},
  publisher={IEEE}
}

@article{gittens2013revisiting,
  title={Revisiting the Nystr{\"o}m method for improved large-scale machine learning},
  author={Gittens, Alex and Mahoney, Michael W},
  journal={J. Mach. Learn. Res},
  volume={28},
  number={3},
  pages={567--575},
  year={2013}
}

@inproceedings{li2016fast,
  title={Fast DPP sampling for Nystr{\"o}m with application to kernel methods},
  author={Li, Chengtao and Jegelka, Stefanie and Sra, Suvrit},
  booktitle={Proceedings of the 33rd International Conference on International Conference on Machine Learning-Volume 48},
  pages={2061--2070},
  year={2016},
  organization={JMLR. org}
}

@inproceedings{zhang2008improved,
  title={Improved Nystr{\"o}m low-rank approximation and error analysis},
  author={Zhang, Kai and Tsang, Ivor W and Kwok, James T},
  booktitle={Proceedings of the 25th international conference on Machine learning},
  pages={1232--1239},
  year={2008},
  organization={ACM}
}

@article{drineas2005nystrom,
  title={On the Nystr{\"o}m method for approximating a Gram matrix for improved kernel-based learning},
  author={Drineas, Petros and Mahoney, Michael W},
  journal={journal of machine learning research},
  volume={6},
  number={Dec},
  pages={2153--2175},
  year={2005}
}

@article{kumar2012sampling,
  title={Sampling methods for the Nystr{\"o}m method},
  author={Kumar, Sanjiv and Mohri, Mehryar and Talwalkar, Ameet},
  journal={Journal of Machine Learning Research},
  volume={13},
  number={Apr},
  pages={981--1006},
  year={2012}
}

@article{agrawal1993efficient,
  title={Efficient similarity search in sequence databases},
  author={Agrawal, Rakesh and Faloutsos, Christos and Swami, Arun},
  journal={Foundations of data organization and algorithms},
  pages={69--84},
  year={1993},
  publisher={Springer}
}

@inproceedings{Faloutsos1994fast,
 title = {Fast Subsequence Matching in Time-series Databases},
 author = {Faloutsos, Christos and Ranganathan, M. and Manolopoulos, Yannis},
 booktitle = {SIGMOD},
 pages = {419--429},
 year = {1994}
} 


@article{ding2015yading,
  title={Yading: Fast clustering of large-scale time series data},
  author={Ding, Rui and Wang, Qiang and Dang, Yingnong and Fu, Qiang and Zhang, Haidong and Zhang, Dongmei},
  journal={Proceedings of the VLDB Endowment},
  volume={8},
  number={5},
  pages={473--484},
  year={2015},
  publisher={VLDB Endowment}
}

@inproceedings{yi1998efficient,
  title={Efficient retrieval of similar time sequences under time warping},
  author={Yi, Byoung-Kee and Jagadish, HV and Faloutsos, Christos},
  booktitle={Data Engineering, 1998. Proceedings., 14th International Conference on},
  pages={201--208},
  year={1998},
  organization={IEEE}
}

@inproceedings{sakurai2005ftw,
  title={FTW: fast similarity search under the time warping distance},
  author={Sakurai, Yasushi and Yoshikawa, Masatoshi and Faloutsos, Christos},
  booktitle={Proceedings of the twenty-fourth ACM SIGMOD-SIGACT-SIGART symposium on Principles of database systems},
  pages={326--337},
  year={2005},
  organization={ACM}
}

@book{percival2006wavelet,
  title={Wavelet methods for time series analysis},
  author={Percival, Donald B and Walden, Andrew T},
  volume={4},
  year={2006},
  publisher={Cambridge university press}
}

@book{OppenheimDSP,
 author = {Oppenheim, Alan V. and Schafer, Ronald W.},
 title = {Discrete-Time Signal Processing},
 year = {2009},
 isbn = {0131988425, 9780131988422},
 edition = {3rd},
 publisher = {Prentice Hall Press},
 address = {Upper Saddle River, NJ, USA},
} 

@book{smith2007mathematics,
  title={Mathematics of the discrete Fourier transform (DFT): with audio applications},
  author={Smith, Julius O},
  year={2007},
  publisher={Julius Smith}
}

@book{jain1989fundamentals,
  title={Fundamentals of digital image processing},
  author={Jain, Anil K},
  year={1989},
  publisher={Prentice-Hall, Inc.}
}

@inproceedings{kim2001index,
  title={An index-based approach for similarity search supporting time warping in large sequence databases},
  author={Kim, Sang-Wook and Park, Sanghyun and Chu, Wesley W},
  booktitle={Data Engineering, 2001. Proceedings. 17th International Conference on},
  pages={607--614},
  year={2001},
  organization={IEEE}
}


@article{bar2012studying,
  title={Studying and modelling dynamic biological processes using time-series gene expression data},
  author={Bar-Joseph, Ziv and Gitter, Anthony and Simon, Itamar},
  journal={Nature Reviews Genetics},
  volume={13},
  number={8},
  pages={552},
  year={2012},
  publisher={Nature Publishing Group}
}


@article{bar2004analyzing,
  title={Analyzing time series gene expression data},
  author={Bar-Joseph, Ziv},
  journal={Bioinformatics},
  volume={20},
  number={16},
  pages={2493--2503},
  year={2004},
  publisher={Oxford University Press}
}


@article{ernst2006stem,
  title={STEM: a tool for the analysis of short time series gene expression data},
  author={Ernst, Jason and Bar-Joseph, Ziv},
  journal={BMC bioinformatics},
  volume={7},
  number={1},
  pages={191},
  year={2006},
  publisher={BioMed Central}
}

@article{bar2003continuous,
  title={Continuous representations of time-series gene expression data},
  author={Bar-Joseph, Ziv and Gerber, Georg K and Gifford, David K and Jaakkola, Tommi S and Simon, Itamar},
  journal={Journal of Computational Biology},
  volume={10},
  number={3-4},
  pages={341--356},
  year={2003},
  publisher={Mary Ann Liebert, Inc.}
}

@inproceedings{gavrilov2000mining,
  title={Mining the stock market: Which measure is best},
  author={Gavrilov, Martin and Anguelov, Dragomir and Indyk, Piotr and Motwani, Rajeev},
  booktitle={Proc. of the 6th ACM SIGKDD},
  pages={487--496},
  year={2000}
}

@article{mantegna1999hierarchical,
  title={Hierarchical structure in financial markets},
  author={Mantegna, Rosario N},
  journal={The European Physical Journal B-Condensed Matter and Complex Systems},
  volume={11},
  number={1},
  pages={193--197},
  year={1999},
  publisher={Springer}
}

@article{shasha1999tuning,
  title={Tuning time series queries in finance: Case studies and recommendations},
  author={Shasha, Dennis},
  journal={IEEE Data Eng. Bull.},
  volume={22},
  number={2},
  pages={40--46},
  year={1999}
}


@inproceedings{ruiz2012correlating,
  title={Correlating financial time series with micro-blogging activity},
  author={Ruiz, Eduardo J and Hristidis, Vagelis and Castillo, Carlos and Gionis, Aristides and Jaimes, Alejandro},
  booktitle={Proceedings of the fifth ACM international conference on Web search and data mining},
  pages={513--522},
  year={2012},
  organization={ACM}
}


@article{goddard2003geospatial,
  title={Geospatial decision support for drought risk management},
  author={Goddard, Steve and Harms, Sherri K and Reichenbach, Stephen E and Tadesse, Tsegaye and Waltman, William J},
  journal={Communications of the ACM},
  volume={46},
  number={1},
  pages={35--37},
  year={2003},
  publisher={ACM}
}

@article{honda2002mining,
  title={Mining of moving objects from time-series images and its application to satellite weather imagery},
  author={Honda, Rie and Wang, Shuai and Kikuchi, Tokio and Konishi, Osamu},
  journal={Journal of Intelligent Information Systems},
  volume={19},
  number={1},
  pages={79--93},
  year={2002},
  publisher={Springer}
}

@article{morales2010pattern,
  title={Pattern recognition to forecast seismic time series},
  author={Morales-Esteban, A and Mart{\'\i}nez-{\'A}lvarez, Francisco and Troncoso, A and Justo, JL and Rubio-Escudero, Cristina},
  journal={Expert Systems with Applications},
  volume={37},
  number={12},
  pages={8333--8342},
  year={2010},
  publisher={Elsevier}
}

@article{rong2018locality,
  title={Locality-sensitive hashing for earthquake detection: A case study of scaling data-driven science},
  author={Rong, Kexin and Yoon, Clara E and Bergen, Karianne J and Elezabi, Hashem and Bailis, Peter and Levis, Philip and Beroza, Gregory C},
  journal={Proceedings of the VLDB Endowment},
  volume={11},
  number={11},
  pages={1674--1687},
  year={2018},
  publisher={VLDB Endowment}
}




@inproceedings{kashino1999time,
  title={Time-series active search for quick retrieval of audio and video},
  author={Kashino, Kunio and Smith, Gavin and Murase, Hiroshi},
  booktitle={1999 IEEE International Conference on Acoustics, Speech, and Signal Processing. Proceedings. ICASSP99 (Cat. No. 99CH36258)},
  volume={6},
  pages={2993--2996},
  year={1999},
  organization={IEEE}
}

@incollection{uehara2002extraction,
  title={Extraction of primitive motion and discovery of association rules from human motion data},
  author={Uehara, Kuniaki and Shimada, Mitsuomi},
  booktitle={Progress in Discovery Science},
  pages={338--348},
  year={2002},
  publisher={Springer}
}

@article{huijse2014computational,
  title={Computational intelligence challenges and applications on large-scale astronomical time series databases},
  author={Huijse, Pablo and Estevez, Pablo A and Protopapas, Pavlos and Principe, Jose C and Zegers, Pablo},
  journal={IEEE Computational Intelligence Magazine},
  volume={9},
  number={3},
  pages={27--39},
  year={2014},
  publisher={IEEE}
}

@inproceedings{mirylenka2016characterizing,
  title={Characterizing home device usage from wireless traffic time series},
  author={Mirylenka, Katsiaryna and Christophides, Vassilis and Palpanas, Themis and Pefkianakis, Ioannis and May, Martin},
  year={2016}
}

@article{williams2003modeling,
  title={Modeling and forecasting vehicular traffic flow as a seasonal ARIMA process: Theoretical basis and empirical results},
  author={Williams, Billy M and Hoel, Lester A},
  journal={Journal of transportation engineering},
  volume={129},
  number={6},
  pages={664--672},
  year={2003},
  publisher={American Society of Civil Engineers}
}

@article{raza2015practical,
  title={Practical data prediction for real-world wireless sensor networks},
  author={Raza, Usman and Camerra, Alessandro and Murphy, Amy L and Palpanas, Themis and Picco, Gian Pietro},
  journal={IEEE Transactions on Knowledge and Data Engineering},
  volume={27},
  number={8},
  pages={2231--2244},
  year={2015},
  publisher={IEEE}
}

@article{bach2017flexible,
  title={Flexible non-linear predictive models for large-scale wind turbine diagnostics},
  author={Bach-Andersen, Martin and R{\o}mer-Odgaard, Bo and Winther, Ole},
  journal={Wind Energy},
  volume={20},
  number={5},
  pages={753--764},
  year={2017},
  publisher={Wiley Online Library}
}

@article{knieling2017online,
  title={An online adaptive screening procedure for selective neuronal responses},
  author={Knieling, S and Niediek, J and Kutter, E and Bostroem, J and Elger, CE and Mormann, F},
  journal={Journal of neuroscience methods},
  volume={291},
  pages={36--42},
  year={2017},
  publisher={Elsevier}
}

@book{mccleary1980applied,
  title={Applied time series analysis for the social sciences},
  author={McCleary, Richard and Hay, Richard A and Meidinger, Erroll E and McDowall, David},
  year={1980},
  publisher={Sage Publications Beverly Hills, CA}
}

@article{richman2000physiological,
  title={Physiological time-series analysis using approximate entropy and sample entropy},
  author={Richman, Joshua S and Moorman, J Randall},
  journal={American Journal of Physiology-Heart and Circulatory Physiology},
  volume={278},
  number={6},
  pages={H2039--H2049},
  year={2000},
  publisher={American Physiological Society Bethesda, MD}
}

@article{costa2002multiscale,
  title={Multiscale entropy analysis of complex physiologic time series},
  author={Costa, Madalena and Goldberger, Ary L and Peng, C-K},
  journal={Physical review letters},
  volume={89},
  number={6},
  pages={068102},
  year={2002},
  publisher={APS}
}

@article{peng1995quantification,
  title={Quantification of scaling exponents and crossover phenomena in nonstationary heartbeat time series},
  author={Peng, C-K and Havlin, Shlomo and Stanley, H Eugene and Goldberger, Ary L},
  journal={Chaos: An Interdisciplinary Journal of Nonlinear Science},
  volume={5},
  number={1},
  pages={82--87},
  year={1995},
  publisher={AIP}
}

@article{brush2007does,
  title={Does income inequality lead to more crime? A comparison of cross-sectional and time-series analyses of United States counties},
  author={Brush, Jesse},
  journal={Economics letters},
  volume={96},
  number={2},
  pages={264--268},
  year={2007},
  publisher={Elsevier}
}

@article{worrall2004estimation,
  title={Estimation issues associated with time-series-cross-section analysis in criminology},
  author={Worrall, John L and Pratt, Travis C},
  journal={W. Criminology Rev.},
  volume={5},
  pages={35},
  year={2004},
  publisher={HeinOnline}
}

@book{lutkepohl2004applied,
  title={Applied time series econometrics},
  author={L{\"u}tkepohl, Helmut and Kr{\"a}tzig, Markus and Phillips, Peter CB},
  year={2004},
  publisher={Cambridge university press}
}

@article{tsay2014financial,
  title={Financial Time Series},
  author={Tsay, Ruey S},
  journal={Wiley StatsRef: Statistics Reference Online},
  pages={1--23},
  year={2014},
  publisher={Wiley Online Library}
}

@book{brockwell2016introduction,
  title={Introduction to time series and forecasting},
  author={Brockwell, Peter J and Davis, Richard A},
  year={2016},
  publisher={springer}
}

@article{webster2005changes,
  title={Changes in tropical cyclone number, duration, and intensity in a warming environment},
  author={Webster, Peter J and Holland, Greg J and Curry, Judith A and Chang, H-R},
  journal={Science},
  volume={309},
  number={5742},
  pages={1844--1846},
  year={2005},
  publisher={American Association for the Advancement of Science}
}

@article{hoegh2007coral,
  title={Coral reefs under rapid climate change and ocean acidification},
  author={Hoegh-Guldberg, Ove and Mumby, Peter J and Hooten, Anthony J and Steneck, Robert S and Greenfield, Paul and Gomez, Edgardo and Harvell, C Drew and Sale, Peter F and Edwards, Alasdair J and Caldeira, Ken and others},
  journal={science},
  volume={318},
  number={5857},
  pages={1737--1742},
  year={2007},
  publisher={American Association for the Advancement of Science}
}

@article{alvarez2010energy,
  title={Energy time series forecasting based on pattern sequence similarity},
  author={Alvarez, Francisco Martinez and Troncoso, Alicia and Riquelme, Jose C and Ruiz, Jesus S Aguilar},
  journal={IEEE Transactions on Knowledge and Data Engineering},
  volume={23},
  number={8},
  pages={1230--1243},
  year={2010},
  publisher={IEEE}
}

@article{martinez2015survey,
  title={A survey on data mining techniques applied to electricity-related time series forecasting},
  author={Mart{\'\i}nez-{\'A}lvarez, Francisco and Troncoso, Alicia and Asencio-Cort{\'e}s, Gualberto and Riquelme, Jos{\'e}},
  journal={Energies},
  volume={8},
  number={11},
  pages={13162--13193},
  year={2015},
  publisher={Multidisciplinary Digital Publishing Institute}
}

@inproceedings{grover2015deep,
  title={A deep hybrid model for weather forecasting},
  author={Grover, Aditya and Kapoor, Ashish and Horvitz, Eric},
  booktitle={Proceedings of the 21th ACM SIGKDD International Conference on Knowledge Discovery and Data Mining},
  pages={379--386},
  year={2015},
  organization={ACM}
}




@article{honda2002mining,
  title={Mining of moving objects from time-series images and its application to satellite weather imagery},
  author={Honda, Rie and Wang, Shuai and Kikuchi, Tokio and Konishi, Osamu},
  journal={Journal of Intelligent Information Systems},
  volume={19},
  number={1},
  pages={79--93},
  year={2002}
}

@inproceedings{lin2004iterative,
  title={Iterative incremental clustering of time series},
  author={Lin, Jessica and Vlachos, Michail and Keogh, Eamonn and Gunopulos, Dimitrios},
  booktitle={EDBT},
  pages={106--122},
  year={2004}
}

@article{chan2003haar,
  title={Haar wavelets for efficient similarity search of time-series: with and without time warping},
  author={Chan, F and Fu, A and Yu, Clement},
  journal={TKDE},
  volume={15},
  number={3},
  pages={686--705},
  year={2003}
}

@inproceedings{bar2002new,
  title={A new approach to analyzing gene expression time series data},
  author={Bar-Joseph, Ziv and Gerber, Georg and Gifford, David K and Jaakkola, Tommi S and Simon, Itamar},
  booktitle={RECOMB},
  pages={39--48},
  year={2002}
}

@article{goddard2003geospatial,
  title={Geospatial decision support for drought risk management},
  author={Goddard, Steve and Harms, Sherri K and Reichenbach, Stephen E and Tadesse, Tsegaye and Waltman, William J},
  journal={Communications of the ACM},
  volume={46},
  number={1},
  pages={35--37},
  year={2003}
}

@inproceedings{gavrilov2000mining,
  title={Mining the stock market: {W}hich measure is best?},
  author={Gavrilov, Martin and Anguelov, Dragomir and Indyk, Piotr and Motwani, Rajeev},
  booktitle={KDD},
  pages={487--496},
  year={2000}
}

@article{mantegna1999hierarchical,
  title={Hierarchical structure in financial markets},
  author={Mantegna, Rosario N},
  journal={The European Physical Journal B-Condensed Matter and Complex Systems},
  volume={11},
  number={1},
  pages={193--197},
  year={1999}
}

@incollection{uehara2002extraction,
  title={Extraction of primitive motion and discovery of association rules from human motion data},
  author={Uehara, Kuniaki and Shimada, Mitsuomi},
  booktitle={Progress in Discovery Science},
  pages={338--348},
  year={2002}
}

@inproceedings{ruiz2012correlating,
  title={Correlating financial time series with micro-blogging activity},
  author={Ruiz, Eduardo J and Hristidis, Vagelis and Castillo, Carlos and Gionis, Aristides and Jaimes, Alejandro},
  booktitle={WSDM},
  pages={513--522},
  year={2012}
}

@inproceedings{keogh2006decade,
  title={A decade of progress in indexing and mining large time series databases},
  author={Keogh, Eamonn},
  booktitle={VLDB},
  pages={1268--1268},
  year={2006}
}

%Preliminaries/Background

@article{hansen1997cluster,
  title={Cluster analysis and mathematical programming},
  author={Hansen, Pierre and Jaumard, Brigitte},
  journal={Mathematical Programming},
  volume={79},
  number={1-3},
  pages={191--215},
  year={1997},
  publisher={Springer}
}

@phdthesis{saito1994local,
  title={Local Feature Extraction and Its Applications Using a Library of Bases},
  author={Saito, Naoki},
  year={1994},
  school={Yale University}
}

@article{aloise2009np,
  title={{NP}-hardness of {E}uclidean sum-of-squares clustering},
  author={Aloise, Daniel and Deshpande, Amit and Hansen, Pierre and Popat, Preyas},
  journal={Machine Learning},
  volume={75},
  number={2},
  pages={245--248},
  year={2009},
}

@incollection{mahajan2009planar,
  title={The planar $k$-means problem is {NP}-hard},
  author={Mahajan, Meena and Nimbhorkar, Prajakta and Varadarajan, Kasturi},
  booktitle={WALCOM},
  pages={274--285},
  year={2009}
}

@inproceedings{macqueen1967some,
  title={Some methods for classification and analysis of multivariate observations},
  author={MacQueen, James},
  booktitle={BSMSP},
  pages={281--297},
  year={1967}
}

@inproceedings{senin2015time,
  title={Time series anomaly discovery with grammar-based compression.},
  author={Senin, Pavel and Lin, Jessica and Wang, Xing and Oates, Tim and Gandhi, Sunil and Boedihardjo, Arnold P and Chen, Crystal and Frankenstein, Susan},
  booktitle={Edbt},
  pages={481--492},
  year={2015}
}

@article{yankov2008disk,
  title={Disk aware discord discovery: Finding unusual time series in terabyte sized datasets},
  author={Yankov, Dragomir and Keogh, Eamonn and Rebbapragada, Umaa},
  journal={Knowledge and Information Systems},
  volume={17},
  number={2},
  pages={241--262},
  year={2008},
  publisher={Springer}
}


@inproceedings{breunig2000lof,
  title={LOF: identifying density-based local outliers},
  author={Breunig, Markus M and Kriegel, Hans-Peter and Ng, Raymond T and Sander, J{\"o}rg},
  booktitle={ACM sigmod record},
  volume={29},
  number={2},
  pages={93--104},
  year={2000},
  organization={ACM}
}

@inproceedings{liu2008isolation,
  title={Isolation forest},
  author={Liu, Fei Tony and Ting, Kai Ming and Zhou, Zhi-Hua},
  booktitle={2008 Eighth IEEE International Conference on Data Mining},
  pages={413--422},
  year={2008},
  organization={IEEE}
}


@article{filippone2008survey,
  title={A survey of kernel and spectral methods for clustering},
  author={Filippone, Maurizio and Camastra, Francesco and Masulli, Francesco and Rovetta, Stefano},
  journal={Pattern Recognition},
  volume={41},
  number={1},
  pages={176--190},
  year={2008}
}

@inproceedings{schafer2012sfa,
  title={SFA: a symbolic fourier approximation and index for similarity search in high dimensional datasets},
  author={Sch{\"a}fer, Patrick and H{\"o}gqvist, Mikael},
  booktitle={Proceedings of the 15th International Conference on Extending Database Technology},
  pages={516--527},
  year={2012},
  organization={ACM}
}

@article{linardi2018scalable,
  title={Scalable, variable-length similarity search in data series: The ULISSE approach},
  author={Linardi, Michele and Palpanas, Themis},
  journal={Proceedings of the VLDB Endowment},
  volume={11},
  number={13},
  pages={2236--2248},
  year={2018},
  publisher={VLDB Endowment}
}

@inproceedings{yeh2016matrix,
  title={Matrix profile I: all pairs similarity joins for time series: a unifying view that includes motifs, discords and shapelets},
  author={Yeh, Chin-Chia Michael and Zhu, Yan and Ulanova, Liudmila and Begum, Nurjahan and Ding, Yifei and Dau, Hoang Anh and Silva, Diego Furtado and Mueen, Abdullah and Keogh, Eamonn},
  booktitle={2016 IEEE 16th international conference on data mining (ICDM)},
  pages={1317--1322},
  year={2016},
  organization={IEEE}
}

@article{yeh2018time,
  title={Time series joins, motifs, discords and shapelets: a unifying view that exploits the matrix profile},
  author={Yeh, Chin-Chia Michael and Zhu, Yan and Ulanova, Liudmila and Begum, Nurjahan and Ding, Yifei and Dau, Hoang Anh and Zimmerman, Zachary and Silva, Diego Furtado and Mueen, Abdullah and Keogh, Eamonn},
  journal={Data Mining and Knowledge Discovery},
  volume={32},
  number={1},
  pages={83--123},
  year={2018},
  publisher={Springer}
}


@inproceedings{linardi2018matrix,
  title={Matrix profile X: VALMOD-scalable discovery of variable-length motifs in data series},
  author={Linardi, Michele and Zhu, Yan and Palpanas, Themis and Keogh, Eamonn},
  booktitle={Proceedings of the 2018 International Conference on Management of Data},
  pages={1053--1066},
  year={2018},
  organization={ACM}
}


@article{zoumpatianos2016ads,
  title={ADS: the adaptive data series index},
  author={Zoumpatianos, Kostas and Idreos, Stratos and Palpanas, Themis},
  journal={The VLDB Journal—The International Journal on Very Large Data Bases},
  volume={25},
  number={6},
  pages={843--866},
  year={2016},
  publisher={Springer-Verlag New York, Inc.}
}


@article{wang2013data,
  title={A data-adaptive and dynamic segmentation index for whole matching on time series},
  author={Wang, Yang and Wang, Peng and Pei, Jian and Wang, Wei and Huang, Sheng},
  journal={Proceedings of the VLDB Endowment},
  volume={6},
  number={10},
  pages={793--804},
  year={2013},
  publisher={VLDB Endowment}
}


@inproceedings{rakthanmanon2012searching,
  title={Searching and mining trillions of time series subsequences under dynamic time warping},
  author={Rakthanmanon, Thanawin and Campana, Bilson and Mueen, Abdullah and Batista, Gustavo and Westover, Brandon and Zhu, Qiang and Zakaria, Jesin and Keogh, Eamonn},
  booktitle={KDD},
  pages={262--270},
  year={2012}
}

@article{keogh2005clustering,
  title={Clustering of time-series subsequences is meaningless: {I}mplications for previous and future research},
  author={Keogh, Eamonn and Lin, Jessica},
  journal={Knowledge and Information Systems},
  volume={8},
  number={2},
  pages={154--177},
  year={2005}
}

@book{katznelson2004introduction,
  title={An introduction to harmonic analysis},
  author={Katznelson, Yitzhak},
  year={2004},
  publisher={Cambridge University Press}
}

@article{itakura1975minimum,
  title={Minimum prediction residual principle applied to speech recognition},
  author={Itakura, Fumitada},
  journal={IEEE Transactions on Acoustics, Speech and Signal Processing},
  volume={23},
  number={1},
  pages={67--72},
  year={1975}
}

@inproceedings{sakoe1971dynamic,
  title={A dynamic programming approach to continuous speech recognition},
  author={Sakoe, Hiroaki and Chiba, Seibi},
  booktitle={ICA},
  pages={65--69},
  year={1971}
}

@inproceedings{ye2009time,
  title={Time series shapelets: a new primitive for data mining},
  author={Ye, Lexiang and Keogh, Eamonn},
  booktitle={Proceedings of the 15th ACM SIGKDD international conference on Knowledge discovery and data mining},
  pages={947--956},
  year={2009},
  organization={ACM}
}


@article{petitjean2016faster,
  title={Faster and more accurate classification of time series by exploiting a novel dynamic time warping averaging algorithm},
  author={Petitjean, Fran{\c{c}}ois and Forestier, Germain and Webb, Geoffrey I and Nicholson, Ann E and Chen, Yanping and Keogh, Eamonn},
  journal={Knowledge and Information Systems},
  volume={47},
  number={1},
  pages={1--26},
  year={2016},
  publisher={Springer}
}


@article{petitjean2012summarizing,
  title={Summarizing a set of time series by averaging: From Steiner sequence to compact multiple alignment},
  author={Petitjean, Fran{\c{c}}ois and Gan{\c{c}}arski, Pierre},
  journal={Theoretical Computer Science},
  volume={414},
  number={1},
  pages={76--91},
  year={2012},
  publisher={Elsevier}
}

@article{petitjean2012summarizing,
  title={Summarizing a set of time series by averaging: {F}rom {S}teiner sequence to compact multiple alignment},
  author={Petitjean, Fran{\c{c}}ois and Gan{\c{c}}arski, Pierre},
  journal={Theoretical Computer Science},
  volume={414},
  number={1},
  pages={76--91},
  year={2012}
}

@article{dimitriadou2002combination,
  title={A combination scheme for fuzzy clustering},
  author={Dimitriadou, Evgenia and Weingessel, Andreas and Hornik, Kurt},
  journal={International Journal of Pattern Recognition and Artificial Intelligence},
  volume={16},
  number={07},
  pages={901--912},
  year={2002}
}

@article{warren2005clustering,
  title={Clustering of time series data - a survey},
  author={Warren Liao, T},
  journal={Pattern Recognition},
  volume={38},
  number={11},
  pages={1857--1874},
  year={2005}
}

@article{wang2006characteristic,
  title={Characteristic-based clustering for time series data},
  author={Wang, Xiaozhe and Smith, Kate and Hyndman, Rob},
  journal={Data Mining and Knowledge Discovery},
  volume={13},
  number={3},
  pages={335--364},
  year={2006},
  publisher={Springer}
}

@article{keogh2005exact,
  title={Exact indexing of dynamic time warping},
  author={Keogh, Eamonn and Ratanamahatana, Chotirat Ann},
  journal={Knowledge and Information Systems},
  volume={7},
  number={3},
  pages={358--386},
  year={2005}
}

@inproceedings{berndt1994using,
  title={Using Dynamic Time Warping to Find Patterns in Time Series.},
  author={Berndt, Donald J and Clifford, James},
  booktitle={AAAI Workshop on KDD},
  pages={359--370},
  year={1994}
}

@book{han2006data,
  title={Data mining: concepts and techniques},
  author={Han, Jiawei and Kamber, Micheline and Pei, Jian},
  year={2006},
  publisher={Morgan kaufmann}
}

@inproceedings{oates1999identifying,
  title={Identifying distinctive subsequences in multivariate time series by clustering},
  author={Oates, Tim},
  booktitle={KDD},
  pages={322--326},
  year={1999}
}

@inproceedings{li1998malm,
  title={{MALM}: {A} framework for mining sequence database at multiple abstraction levels},
  author={Li, Chung-Sheng and Yu, Philip S and Castelli, Vittorio},
  booktitle={CIKM},
  pages={267--272},
  year={1998}
}

@inproceedings{mueen2011logical,
  title={Logical-shapelets: {A}n expressive primitive for time series classification},
  author={Mueen, Abdullah and Keogh, Eamonn and Young, Neal},
  booktitle={KDD},
  pages={1154--1162},
  year={2011}
}


@inproceedings{zakaria2012clustering,
  title={Clustering Time Series Using Unsupervised-Shapelets},
  author={Zakaria, Jesin and Mueen, Abdullah and Keogh, Eamonn},
  booktitle={ICDM},
  pages={785--794},
  year={2012}
}

@inproceedings{rakthanmanon2011time,
  title={Time series epenthesis: {C}lustering time series streams requires ignoring some data},
  author={Rakthanmanon, Thanawin and Keogh, Eamonn J and Lonardi, Stefano and Evans, Scott},
  booktitle={ICDM},
  pages={547--556},
  year={2011}
}

@inproceedings{bagnall2004clustering,
  title={Clustering time series from {ARMA} models with clipped data},
  author={Bagnall, Anthony J and Janacek, Gareth J},
  booktitle={KDD},
  pages={49--58},
  year={2004}
}

@inproceedings{das1998rule,
  title={Rule Discovery from Time Series},
  author={Das, Gautam and Lin, King-Ip and Mannila, Heikki and Renganathan, Gopal and Smyth, Padhraic},
  booktitle={KDD},
  volume={},
  pages={16--22},
  year={1998}
}

@article{wang1994complexity,
  title={On the complexity of multiple sequence alignment},
  author={Wang, Lusheng and Jiang, Tao},
  journal={Journal of Computational Biology},
  volume={1},
  number={4},
  pages={337--348},
  year={1994}
}

@article{petitjean2011global,
  title={A global averaging method for dynamic time warping, with applications to clustering},
  author={Petitjean, Fran{\c{c}}ois and Ketterlin, Alain and Gan{\c{c}}arski, Pierre},
  journal={Pattern Recognition},
  volume={44},
  number={3},
  pages={678--693},
  year={2011}
}

@article{papapetrou2011embedding,
  title={Embedding-based subsequence matching in time-series databases},
  author={Papapetrou, Panagiotis and Athitsos, Vassilis and Potamias, Michalis and Kollios, George and Gunopulos, Dimitrios},
  journal={TODS},
  volume={36},
  number={3},
  pages={17},
  year={2011}
}

@inproceedings{alon2003discovering,
  title={Discovering clusters in motion time-series data},
  author={Alon, Jonathan and Sclaroff, Stan and Kollios, George and Pavlovic, Vladimir},
  booktitle={CVPR},
  pages={375--381},
  year={2003}
}

@article{haowang2014,
author = {Hao Wang and Yilun Cai and Yin Yang and Shiming Zhang and Nikos Mamoulis},
title = {Durable Queries over Historical Time Series},
journal ={TKDE},
volume = {26},
number = {3},
pages = {595-607},
year = {2014}
}

@article{shou2005fast,
  title={Fast and exact warping of time series using adaptive segmental approximations},
  author={Shou, Yutao and Mamoulis, Nikos and Cheung, David},
  journal={Machine Learning},
  volume={58},
  number={2-3},
  pages={231--267},
  year={2005}
}

@article{goutte1999clustering,
  title={On clustering f{MRI} time series},
  author={Goutte, Cyril and Toft, Peter and Rostrup, Egill and Nielsen, Finn {\AA} and Hansen, Lars Kai},
  journal={NeuroImage},
  volume={9},
  number={3},
  pages={298--310},
  year={1999}
}

@article{golay1998new,
  title={A new correlation-based fuzzy logic clustering algorithm for f{MRI}},
  author={Golay, Xavier and Kollias, Spyros and Stoll, Gautier and Meier, Dieter and Valavanis, Anton and Boesiger, Peter},
  journal={Magnetic Resonance in Medicine},
  volume={40},
  number={2},
  pages={249--260},
  year={1998}
}

@inproceedings{papadimitriou2006local,
  title={Local correlation tracking in time series},
  author={Papadimitriou, Spiros and Sun, Jimeng and Yu, Philip S},
  booktitle={ICDM},
  pages={456--465},
  year={2006}
}

@inproceedings{wu2010detecting,
  title={Detecting leaders from correlated time series},
  author={Wu, Di and Ke, Yiping and Yu, Jeffrey Xu and Philip, S Yu and Chen, Lei},
  booktitle={DASFAA},
  pages={352--367},
  year={2010}
}

@inproceedings{zhu2002statstream,
  title={Statstream: {S}tatistical monitoring of thousands of data streams in real time},
  author={Zhu, Yunyue and Shasha, Dennis},
  booktitle={VLDB},
  pages={358--369},
  year={2002}
}

@article{stefan2013move,
  title={The move-split-merge metric for time series},
  author={Stefan, Alexandra and Athitsos, Vassilis and Das, Gautam},
  journal={TKDE},
  volume={25},
  number={6},
  pages={1425--1438},
  year={2013}
}

@inproceedings{yang2011patterns,
  title={Patterns of temporal variation in online media},
  author={Yang, Jaewon and Leskovec, Jure},
  booktitle={WSDM},
  pages={177--186},
  year={2011}
}

@inproceedings{niennattrakul2009shape,
  title={Shape averaging under time warping},
  author={Niennattrakul, Vit and Ratanamahatana, Chotirat Ann},
  booktitle={ECTI-CON},
  pages={626--629},
  year={2009}
}

@article{gupta1996nonlinear,
  title={Nonlinear alignment and averaging for estimating the evoked potential},
  author={Gupta, Lalit and Molfese, Dennis L and Tammana, Ravi and Simos, Panagiotis G},
  journal={IEEE Transactions on Biomedical Engineering},
  volume={43},
  number={4},
  pages={348--356},
  year={1996}
}

@book{kaufman2009finding,
  title={Finding groups in data: {A}n introduction to cluster analysis},
  author={Kaufman, Leonard and Rousseeuw, Peter J},
  volume={344},
  year={2009},
  publisher={John Wiley \& Sons}
}

@inproceedings{ng2002spectral,
  title={On spectral clustering: {A}nalysis and an algorithm},
  author={Ng, Andrew Y and Jordan, Michael I and Weiss, Yair},
  booktitle={NIPS},
  pages={849--856},
  year={2002}
}

@article{batista2013cid,
  title={{CID}: {A}n efficient complexity-invariant distance for time series},
  author={Batista, Gustavo EAPA and Keogh, Eamonn J and Tataw, Oben Moses and de Souza, Vin{\'\i}cius MA},
  journal={Data Mining and Knowledge Discovery},
  pages={1--36},
  year={2013},
}

@inproceedings{batista2011complexity,
  title={A Complexity-Invariant Distance Measure for Time Series.},
  author={Batista, Gustavo EAPA and Wang, Xiaoyue and Keogh, Eamonn J},
  booktitle={SDM},
  pages={699--710},
  year={2011}
}

@article{keogh2006ucrOLD,
  title={The {UCR} {T}ime {S}eries {C}lassification/{C}lustering {H}omepage:},
  author={Keogh, Eamonn and Xi, Xiaopeng and Wei, Li and Ratanamahatana, Chotirat Ann},
  journal={www.cs.ucr.edu/\~{}eamonn /time\_series\_data},
  year={Accessed May 2014}
}

@misc{keogh2006ucr,
  title = {The {UCR} {T}ime {S}eries {C}lassification/{C}lustering {H}omepage},
  howpublished = {\url{http://www.cs.ucr.edu/~eamonn/time_series_data}},
  note = {Accessed: May 2014}
}

@book{HanBook3rd,
 author = {Han, Jiawei and Kamber, Micheline and Pei, Jian},
 title = {Data Mining: Concepts and Techniques},
 year = {2011},
 edition = {3rd},
 publisher = {Morgan Kaufmann Publishers Inc.}
} 


@article{paparrizoskeoghnote,
  title={A note on the z-normalization of some UCR time-series datasets:},
  author={Paparrizos, John and Keogh, Eamonn},
  journal={www.cs.ucr.edu/\~{}eamonn/ time\_series\_data/note\_about\_UCR\_archive\_values.pdf},
  year={2014}
}

@article{rand1971objective,
  title={Objective criteria for the evaluation of clustering methods},
  author={Rand, William M},
  journal={Journal of the American Statistical Association},
  volume={66},
  number={336},
  pages={846--850},
  year={1971}
}

@article{keogh2003need,
  title={On the need for time series data mining benchmarks: a survey and empirical demonstration},
  author={Keogh, Eamonn and Kasetty, Shruti},
  journal={Data Mining and Knowledge Discovery},
  volume={7},
  number={4},
  pages={349--371},
  year={2003}
}

@inproceedings{keogh1999relevance,
  title={Relevance feedback retrieval of time series data},
  author={Keogh, Eamonn J and Pazzani, Michael J},
  booktitle={SIGIR},
  pages={183--190},
  year={1999}
}

@incollection{ratanamahatana2005multimedia,
  title={Multimedia retrieval using time series representation and relevance feedback},
  author={Ratanamahatana, Chotirat Ann and Keogh, Eamonn},
  booktitle={ICADL},
  pages={400--405},
  year={2005}
}

@article{rabiner1979speaker,
  title={Speaker-independent recognition of isolated words using clustering techniques},
  author={Rabiner, L and Levinson, S and Rosenberg, A and Wilpon, J},
  journal={IEEE Transactions on Acoustics, Speech and Signal Processing},
  volume={27},
  number={4},
  pages={336--349},
  year={1979}
}

@inproceedings{caiani1998warped,
  title={Warped-average template technique to track on a cycle-by-cycle basis the cardiac filling phases on left ventricular volume},
  author={Caiani, EG and Porta, A and Baselli, G and Turiel, M and Muzzupappa, S and Pieruzzi, F and Crema, C and Malliani, A and Cerutti, S},
  booktitle={Computers in Cardiology},
  pages={73--76},
  year={1998}
}

@article{frigo2005design,
  title={The design and implementation of {FFTW3}},
  author={Frigo, Matteo and Johnson, Steven G},
  journal={Proceedings of the IEEE},
  volume={93},
  number={2},
  pages={216--231},
  year={2005}
}

@inproceedings{agrawal1993,
 title = {Efficient Similarity Search In Sequence Databases},
 author = {Agrawal, Rakesh and Faloutsos, Christos and Swami, Arun N.},
 booktitle = {FODO},
 pages = {69--84},
 year = {1993}
}

@article{marteau2014recursive,
  title={On recursive edit distance kernels with application to time series classification},
  author={Marteau, Pierre-Fran{\c{c}}ois and Gibet, Sylvie},
  journal={IEEE transactions on neural networks and learning systems},
  volume={26},
  number={6},
  pages={1121--1133},
  year={2014},
  publisher={IEEE}
}

@inproceedings{zheng2016efficient,
  title={Efficient shift-invariant dictionary learning},
  author={Zheng, Guoqing and Yang, Yiming and Carbonell, Jaime},
  booktitle={SIGKDD},
  pages={2095--2104},
  year={2016},
  organization={ACM}
}

@inproceedings{wu2018random,
  title={Random Warping Series: A Random Features Method for Time-Series Embedding},
  author={Wu, Lingfei and Yen, Ian En-Hsu and Yi, Jinfeng and Xu, Fangli and Lei, Qi and Witbrock, Michael},
  booktitle={AISTATS},
  pages={793--802},
  year={2018}
}

@article{lei2017similarity,
  title={Similarity preserving representation learning for time series analysis},
  author={Lei, Qi and Yi, Jinfeng and Vaculin, Roman and Wu, Lingfei and Dhillon, Inderjit S},
  journal={arXiv preprint arXiv:1702.03584},
  year={2017}
}

@misc{FastestSimilaritySearch,
title={The Fastest Similarity Search Algorithm for Time Series Subsequences under Euclidean Distance},
author={ Mueen, Abdullah and Zhu, Yan and Yeh, Michael and Kamgar, Kaveh and Viswanathan, Krishnamurthy and Gupta, Chetan and Keogh, Eamonn},
year={2017},
month={August},
note = {\url{http://www.cs.unm.edu/~mueen/FastestSimilaritySearch.html}}
}

@inproceedings{mirylenka2017data,
  title={Data series similarity using correlation-aware measures},
  author={Mirylenka, Katsiaryna and Dallachiesa, Michele and Palpanas, Themis},
  booktitle={Proceedings of the 29th International Conference on Scientific and Statistical Database Management},
  pages={1--12},
  year={2017}
}


@article{abanda2019review,
  title={A review on distance based time series classification},
  author={Abanda, Amaia and Mori, Usue and Lozano, Jose A},
  journal={Data Mining and Knowledge Discovery},
  volume={33},
  number={2},
  pages={378--412},
  year={2019},
  publisher={Springer}
}

@article{batista2014cid,
  title={CID: an efficient complexity-invariant distance for time series},
  author={Batista, Gustavo EAPA and Keogh, Eamonn J and Tataw, Oben Moses and De Souza, Vinicius MA},
  journal={Data Mining and Knowledge Discovery},
  volume={28},
  number={3},
  pages={634--669},
  year={2014},
  publisher={Springer}
}


@article{gorecki2013using,
  title={Using derivatives in time series classification},
  author={G{\'o}recki, Tomasz and {\L}uczak, Maciej},
  journal={Data Mining and Knowledge Discovery},
  volume={26},
  number={2},
  pages={310--331},
  year={2013},
  publisher={Springer}
}


@article{jeong2011weighted,
  title={Weighted dynamic time warping for time series classification},
  author={Jeong, Young-Seon and Jeong, Myong K and Omitaomu, Olufemi A},
  journal={Pattern Recognition},
  volume={44},
  number={9},
  pages={2231--2240},
  year={2011},
  publisher={Elsevier}
}


@article{marteau2008time,
  title={Time warp edit distance with stiffness adjustment for time series matching},
  author={Marteau, Pierre-Fran{\c{c}}ois},
  journal={IEEE Transactions on Pattern Analysis and Machine Intelligence},
  volume={31},
  number={2},
  pages={306--318},
  year={2008},
  publisher={IEEE}
}


@inproceedings{andre1997using,
  title={Using signature files for querying time-series data},
  author={Andr{\'e}-J{\"o}nsson, Henrik and Badal, Dushan Z},
  booktitle={European Symposium on Principles of Data Mining and Knowledge Discovery},
  pages={211--220},
  year={1997},
  organization={Springer}
}


@inproceedings{vlachos2002discovering,
  title={Discovering similar multidimensional trajectories},
  author={Vlachos, Michail and Kollios, George and Gunopulos, Dimitrios},
  booktitle={Proceedings 18th international conference on data engineering},
  pages={673--684},
  year={2002},
  organization={IEEE}
}

@article{lecun2015deep,
  title={Deep learning},
  author={LeCun, Yann and Bengio, Yoshua and Hinton, Geoffrey},
  journal={nature},
  volume={521},
  number={7553},
  pages={436},
  year={2015},
  publisher={Nature Publishing Group}
}

@inproceedings{Keogh2001locally,
 title = {Locally Adaptive Dimensionality Reduction for Indexing Large Time Series Databases},
 author = {Keogh, Eamonn and Chakrabarti, Kaushik and Pazzani, Michael and Mehrotra, Sharad},
 booktitle = {SIGMOD},
 pages = {151--162},
 year = {2001}
} 

@book{papoulis1962fourier,
  title={The Fourier integral and its applications},
  author={Papoulis, Athanasios},
  year={1962},
  publisher={McGraw-Hill}
}


@article{bracewell1965pentagram,
  title={Pentagram notation for cross correlation. The Fourier transform and its applications},
  author={Bracewell, R},
  journal={New York: McGraw-Hill},
  volume={46},
  pages={243},
  year={1965}
}


@inproceedings{assfalg2006similarity,
  title={Similarity search on time series based on threshold queries},
  author={A{\ss}falg, Johannes and Kriegel, Hans-Peter and Kr{\"o}ger, Peer and Kunath, Peter and Pryakhin, Alexey and Renz, Matthias},
  booktitle={International Conference on Extending Database Technology},
  pages={276--294},
  year={2006},
  organization={Springer}
}


@inproceedings{chan99efficient,
  author = 	{Kin-pong, Chan and Ada, Fu},
  title = {Efficient Time Series Matching by Wavelets},
  booktitle = {ICDE},
  pages = 	{126--133},
  year = {1999},
}

@inproceedings{chen2007indexable,
  title={Indexable {PLA} for efficient similarity search},
  author={Chen, Qiuxia and Chen, Lei and Lian, Xiang and Liu, Yunhao and Yu, Jeffrey Xu},
  booktitle={VLDB},
  pages={435--446},
  year={2007}
}

@inproceedings{morse2007efficient,
  title={An efficient and accurate method for evaluating time series similarity},
  author={Morse, Michael D and Patel, Jignesh M},
  booktitle={SIGMOD},
  pages={569--580},
  year={2007}
}

@inproceedings{frentzos2007index,
  title={Index-based most similar trajectory search},
  author={Frentzos, Elias and Gratsias, Kostas and Theodoridis, Yannis},
  booktitle={ICDE},
  pages={816--825},
  year={2007}
}

@inproceedings{chen2007spade,
  title={Spade: {O}n shape-based pattern detection in streaming time series},
  author={Chen, Yueguo and Nascimento, Mario A and Ooi, Beng Chin and Tung, Anthony KH},
  booktitle={ICDE},
  pages={786--795},
  year={2007}
}

@inproceedings{chen2004marriage,
  title={On the marriage of {L}p-norms and edit distance},
  author={Chen, Lei and Ng, Raymond},
  booktitle={VLDB},
  pages={792--803},
  year={2004}
}

@inproceedings{lian2007similarity,
  title={Similarity match over high speed time-series streams},
  author={Lian, Xiang and Chen, Lei and Yu, Jeffrey Xu and Wang, Guoren and Yu, Ge},
  booktitle={ICDE},
  pages={1086--1095},
  year={2007}
}

@article{vlachos2006indexing,
  title={Indexing multidimensional time-series},
  author={Vlachos, Michail and Hadjieleftheriou, Marios and Gunopulos, Dimitrios and Keogh, Eamonn},
  journal={The VLDB Journal},
  volume={15},
  number={1},
  pages={1--20},
  year={2006}
}

@inproceedings{megalooikonomou2005multiresolution,
  title={A multiresolution symbolic representation of time series},
  author={Megalooikonomou, Vasileios and Wang, Qiang and Li, Guo and Faloutsos, Christos},
  booktitle={ICDE},
  pages={668--679},
  year={2005}
}

@inproceedings{Korn97efficiently,
 author = {Korn, Flip and Jagadish, H. V. and Faloutsos, Christos},
 title = {Efficiently Supporting Ad Hoc Queries in Large Datasets of Time Sequences},
 booktitle = {SIGMOD},
 pages = {289--300}, 
 year = {1997}
} 

@inproceedings{cai2004indexing,
  title={Indexing spatio-temporal trajectories with {C}hebyshev polynomials},
  author={Cai, Yuhan and Ng, Raymond},
  booktitle={SIGMOD},
  pages={599--610},
  year={2004}
}

@incollection{meesrikamolkul2012shape,
  title={Shape-Based clustering for time series data},
  author={Meesrikamolkul, Warissara and Niennattrakul, Vit and Ratanamahatana, Chotirat Ann},
  booktitle={PAKDD},
  pages={530--541},
  year={2012}
}

@book{golub2012matrix,
  title={Matrix computations},
  author={Golub, Gene H and Van Loan, Charles F},
  volume={3},
  year={2012},
  publisher={JHU Press}
}

@article{halkidi2001clustering,
  title={On clustering validation techniques},
  author={Halkidi, Maria and Batistakis, Yannis and Vazirgiannis, Michalis},
  journal={Journal of Intelligent Information Systems},
  volume={17},
  number={2-3},
  pages={107--145},
  year={2001}
}

@inproceedings{kalpakis2001distance,
  title={Distance measures for effective clustering of {ARIMA} time-series},
  author={Kalpakis, Konstantinos and Gada, Dhiral and Puttagunta, Vasundhara},
  booktitle={ICDM},
  pages={273--280},
  year={2001}
}

@inproceedings{xiong2002mixtures,
  title={Mixtures of {ARMA} models for model-based time series clustering},
  author={Xiong, Yimin and Yeung, Dit-Yan},
  booktitle={ICDM},
  pages={717--720},
  year={2002}
}

@inproceedings{ratanamahatana2004making,
  title={Making time-series classification more accurate using learned constraints},
  author={Ratanamahatana, Chotirat Ann and Keogh, Eamonn},
  booktitle={SDM},
  pages={11--22},
  year={2004}
}

@inproceedings{hu2013time,
  title={Time Series Classification under More Realistic Assumptions},
  author={Hu, Bing and Chen, Yanping and Keogh, Eamonn},
  booktitle={SDM},
  pages={578--586},
  year={2013}
}

@misc{orfanidis1985optimum,
  title={Optimum signal processing: an introduction},
  author={Orfanidis, Sophocles J},
  year={1985},
  publisher={Macmillan New York}
}

@article{echihabi2018lernaean,
  title={The lernaean hydra of data series similarity search: An experimental evaluation of the state of the art},
  author={Echihabi, Karima and Zoumpatianos, Kostas and Palpanas, Themis and Benbrahim, Houda},
  journal={Proceedings of the VLDB Endowment},
  volume={12},
  number={2},
  pages={112--127},
  year={2018},
  publisher={VLDB Endowment}
}

@book{zezula2006similarity,
  title={Similarity search: the metric space approach},
  author={Zezula, Pavel and Amato, Giuseppe and Dohnal, Vlastislav and Batko, Michal},
  volume={32},
  year={2006},
  publisher={Springer Science \& Business Media}
}

@article{dominguez2015history,
  title={A history of the convolution operation [Retrospectroscope]},
  author={Dom{\'\i}nguez, Alejandro},
  journal={IEEE pulse},
  volume={6},
  number={1},
  pages={38--49},
  year={2015},
  publisher={IEEE}
}

@article{cha2007comprehensive,
  title={Comprehensive survey on distance/similarity measures between probability density functions},
  author={Cha, Sung-Hyuk},
  journal={City},
  volume={1},
  number={2},
  pages={1},
  year={2007},
  publisher={Citeseer}
}

@article{gavin2003statistical,
  title={A statistical approach to evaluating distance metrics and analog assignments for pollen records},
  author={Gavin, Daniel G and Oswald, W Wyatt and Wahl, Eugene R and Williams, John W},
  journal={Quaternary Research},
  volume={60},
  number={3},
  pages={356--367},
  year={2003},
  publisher={Cambridge University Press}
}


@book{deza2006dictionary,
  title={Dictionary of distances},
  author={Deza, Michel-Marie and Deza, Elena},
  year={2006},
  publisher={Elsevier}
}

@incollection{deza2009encyclopedia,
  title={Encyclopedia of distances},
  author={Deza, Michel Marie and Deza, Elena},
  booktitle={Encyclopedia of distances},
  pages={1--583},
  year={2009},
  publisher={Springer}
}


@inproceedings{chu1999fast,
  title={Fast time-series searching with scaling and shifting},
  author={Chu, Kelvin Kam Wing and Wong, Man Hon},
  booktitle={Proceedings of the eighteenth ACM SIGMOD-SIGACT-SIGART symposium on Principles of database systems},
  pages={237--248},
  year={1999},
  organization={Citeseer}
}


@inproceedings{shieh2008sax,
  title={i SAX: indexing and mining terabyte sized time series},
  author={Shieh, Jin and Keogh, Eamonn},
  booktitle={Proceedings of the 14th ACM SIGKDD international conference on Knowledge discovery and data mining},
  pages={623--631},
  year={2008},
  organization={ACM}
}

@incollection{lecun2012efficient,
  title={Efficient backprop},
  author={LeCun, Yann A and Bottou, L{\'e}on and Orr, Genevieve B and M{\"u}ller, Klaus-Robert},
  booktitle={Neural networks: Tricks of the trade},
  pages={9--48},
  year={2012},
  publisher={Springer}
}


@book{grus2019data,
  title={Data science from scratch: first principles with python},
  author={Grus, Joel},
  year={2019},
  publisher={O'Reilly Media}
}

@inproceedings{cole2005fast,
  title={Fast window correlations over uncooperative time series},
  author={Cole, Richard and Shasha, Dennis and Zhao, Xiaojian},
  booktitle={Proceedings of the eleventh ACM SIGKDD international conference on Knowledge discovery in data mining},
  pages={743--749},
  year={2005},
  organization={ACM}
}


@inproceedings{camerra2010isax,
  title={iSAX 2.0: Indexing and mining one billion time series},
  author={Camerra, Alessandro and Palpanas, Themis and Shieh, Jin and Keogh, Eamonn},
  booktitle={2010 IEEE International Conference on Data Mining},
  pages={58--67},
  year={2010},
  organization={IEEE}
}

@inproceedings{kashyap2011scalable,
  title={Scalable knn search on vertically stored time series},
  author={Kashyap, Shrikant and Karras, Panagiotis},
  booktitle={Proceedings of the 17th ACM SIGKDD international conference on Knowledge discovery and data mining},
  pages={1334--1342},
  year={2011},
  organization={ACM}
}
