@inproceedings{balog2019personal,
  title={Personal knowledge graphs: A research agenda},
  author={Balog, Krisztian and Kenter, Tom},
  booktitle={Proceedings of the 2019 ACM SIGIR International Conference on Theory of Information Retrieval},
  url = {https://doi.org/10.1145/3341981.3344241},
  pages={217--220},
  year={2019}

}
 % url = {https://doi.org/10.1145/3341981.3344241},
  year={2019}
}

@inproceedings{chakraborty2022,
author = {Chakraborty, Prantika and Dutta, Sudakshina and Sanyal, Debarshi Kumar},
title = {Personal Research Knowledge Graphs},
year = {2022},
isbn = {9781450391306},
url = {https://doi.org/10.1145/3487553.3524654},
publisher = {Association for Computing Machinery},
address = {New York, NY, USA},
booktitle = "{Companion Proceedings of the Web Conference 2022}",
pages = {763–768},
numpages = {6},
location = {Virtual Event, Lyon, France},
series = {WWW '22}
}

@inproceedings{santosh2021joint,
  title={Joint Entity and Relation Extraction from Scientific Documents: Role of Linguistic Information and Entity Types},
  author={Santosh, TYSS and Chakraborty, Prantika and Dutta, Sudakshina and Sanyal, Debarshi Kumar and Das, Partha Pratim},
  booktitle={Proceedings of the 2nd Workshop on Extraction and Evaluation of Knowledge Entities (EEKE), colocated with JCDL 2022},
  url={https://ceur-ws.org/Vol-3004/paper2.pdf},
  year={2021}
}

@inproceedings{jaradeh2019open,
  title={Open research knowledge graph: next generation infrastructure for semantic scholarly knowledge},
  author={Jaradeh, Mohamad Yaser and Oelen, Allard and Farfar, Kheir Eddine and Prinz, Manuel and D'Souza, Jennifer and Kismih{\'o}k, G{\'a}bor and Stocker, Markus and Auer, S{\"o}ren},
  booktitle={Proceedings of the 10th International Conference on Knowledge Capture},
  url = {https://doi.org/10.1145/3360901.3364435},
  pages={243--246},
  year={2019}
}


@article{ehrlinger2016towards,
  title={Towards a Definition of Knowledge Graphs.},
  author={Ehrlinger, Lisa and W{\"o}{\ss}, Wolfram},
  journal={SEMANTiCS (Posters and Demos)},
  url={https://ceur-ws.org/Vol-1695/paper4.pdf},
  volume={48},
  number={1-4},
  pages={2},
  year={2016},
  publisher={Citeseer}
}

@article{cimiano2017knowledge,
author = {Cimiano, Philipp and Paulheim, Heiko},
title = {Knowledge Graph Refinement: A Survey of Approaches and Evaluation Methods},
year = {2017},
issue_date = {2017},
publisher = {IOS Press},
address = {NLD},
volume = {8},
number = {3},
issn = {1570-0844},
url = {https://doi.org/10.3233/SW-160218},
doi = {10.3233/SW-160218},
journal = {Semantic Web},
month = {jan},
pages = {489–508},
numpages = {20}
}

@article{Chakraborty2023comprehensive,
author = {Chakraborty, Prantika and Sanyal, Debarshi Kumar},
year = {2023},
title = {A comprehensive survey of personal knowledge graphs},
journal = {WIREs Data Mining and Knowledge Discovery},
volume = {13},
number = {6},
pages = {e1513},
url = {https://wires.onlinelibrary.wiley.com/doi/abs/10.1002/widm.1513},
}

@article{skjaeveland2023ecosystem,
  title={An Ecosystem for Personal Knowledge Graphs: A Survey and Research Roadmap},
  author={Skj{\ae}veland, Martin G and Balog, Krisztian and Bernard, Nolwenn and Lajewska, Weronika and Linjordet, Trond},
  journal={arXiv preprint arXiv:2304.09572},
  year={2023}
}

@inproceedings{zhang2020evaluating,
author = {Zhang, Shuo and Balog, Krisztian},
title = {Evaluating Conversational Recommender Systems via User Simulation},
year = {2020},
isbn = {9781450379984},
publisher = {Association for Computing Machinery},
address = {New York, NY, USA},
booktitle = {Proceedings of the 26th ACM SIGKDD International Conference on Knowledge Discovery \& Data Mining},
url = {https://doi.org/10.1145/3394486.3403202},
pages = {1512–1520},
numpages = {9},
location = {Virtual Event, CA, USA},
series = {KDD '20}
}
@book{jones2007personal,
  title={Personal information management},
  author={Jones, William P and Teevan, Jaime},
  year={2007},
  publisher={University of Washington Press}
}
@article{jones2017personal,
  title={Personal information management ({PIM})},
  author={Jones, William and Dinneen, Jesse David and Capra, Robert and Diekema, Anne and P{\'e}rez-Qui{\~n}ones, Manuel},
  journal={Encyclopedia of Library and Information Science},
  pages={3584--605},
  year={2017},
  publisher={Taylor \& Francis}
}

@article{miller1998rdf,
author = {Miller, Eric},
title = {An Introduction to the Resource Description Framework},
journal = {Bulletin of the American Society for Information Science and Technology},
volume = {25},
number = {1},
pages = {15-19},
url = {https://asistdl.onlinelibrary.wiley.com/doi/abs/10.1002/bult.105},
year = {1998}
}

@article{sikos2020provenance,
  title={Provenance-aware knowledge representation: A survey of data models and contextualized knowledge graphs},
  author={Sikos, Leslie F and Philp, Dean},
  journal={Data Science and Engineering},
  volume={5},
  pages={293--316},
  year={2020},
  publisher={Springer}
}
@article{haralalka2003mutation,
  title={Mutation in the rel{A} gene of Vibrio cholerae affects in vitro and in vivo expression of virulence factors},
  author={Haralalka, Shruti and Nandi, Suvobroto and Bhadra, Rupak K},
  journal={Journal of Bacteriology},
  volume={185},
  number={16},
  pages={4672--4682},
  year={2003},
  publisher={Am Soc Microbiol}
}

@inproceedings{dong2014knowledge,
  title={Knowledge vault: A web-scale approach to probabilistic knowledge fusion},
  author={Dong, Xin and Gabrilovich, Evgeniy and Heitz, Geremy and Horn, Wilko and Lao, Ni and Murphy, Kevin and Strohmann, Thomas and Sun, Shaohua and Zhang, Wei},
  booktitle={Proceedings of the 20th ACM SIGKDD International Conference on Knowledge Discovery and Data Mining},
  pages={601--610},
  year={2014}
}
@inproceedings{dong2018challenges,
  title={Challenges and innovations in building a product knowledge graph},
  author={Dong, Xin Luna},
  booktitle={Proceedings of the 24th ACM SIGKDD International Conference on Knowledge Discovery and Data Mining},
  pages={2869--2869},
  year={2018}
}
@article{chaudhri2022knowledge,
  title={Knowledge graphs: introduction, history and, perspectives},
  author={Chaudhri, Vinay and Baru, Chaitanya and Chittar, Naren and Dong, Xin and Genesereth, Michael and Hendler, James and Kalyanpur, Aditya and Lenat, Douglas and Sequeda, Juan and Vrande{\v{c}}i{\'c}, Denny and others},
  journal={AI Magazine},
  volume={43},
  number={1},
  pages={17--29},
  year={2022}
}
@article{ji2021survey,
  title={A survey on knowledge graphs: Representation, acquisition, and applications},
  author={Ji, Shaoxiong and Pan, Shirui and Cambria, Erik and Marttinen, Pekka and Philip, S Yu},
  journal={IEEE Transactions on Neural Networks and Learning Systems},
  volume={33},
  number={2},
  pages={494--514},
  year={2021},
  publisher={IEEE}
}
@article{chen2020survey,
  title={Survey and open problems in privacy preserving knowledge graph: Merging, query, representation, completion and applications},
  author={Chen, Chaochao and Cui, Jamie and Liu, Guanfeng and Wu, Jia and Wang, Li},
  journal={arXiv preprint arXiv:2011.10180},
  year={2020}
}
@article{purificato2021dynamic,
  title={Dynamic privacy-preserving recommendations on academic graph data},
  author={Purificato, Erasmo and Wehnert, Sabine and De Luca, Ernesto William},
  journal={Computers},
  volume={10},
  number={9},
  pages={107},
  year={2021},
  publisher={MDPI}
}


@incollection{breitman2007semantic,
title="Semantic Desktop",
author = "Breitman, Karin and Casanova, Marco and Truszkowski, Walter",
bookTitle="Semantic Web: Concepts, Technologies and Applications",
year="2007",
publisher="Springer London",
address="London",
pages="229--239"
}


@inproceedings{groza2007nepomuk,
  title={The {NEPOMUK} project -- on the way to the social semantic desktop},
  author={Groza, Tudor and Handschuh, Siegfried and Moeller, Knud},
  year={2007},
  booktitle={Proceedings of I-MEDIA 2007 and I-SEMANTICS 2007},
pages={201–210}
}

@article{karger1997haystack,
  title={Haystack: Per-User Information Environments},
  author={Karger, David and Stein, Lynn Andrea},
  journal={White Paper},
  year={1997}
}

@inproceedings{ahmed2004semanticlife,
  author       = {Mansoor Ahmed and
                  Hanh Huu Hoang and
                  Muhammad Shuaib Karim and
                  Shah Khusro and
                  Monika Lanzenberger and
                  Khalid Latif and
                  Elke Michlmayr and
                  Khabib Mustofa and
                  H. T. Nguyen and
                  Andreas Rauber and
                  Alexander Schatten and
                  Tho Manh Nguyen and
                  A Min Tjoa},
  title        = {`{SemanticLIFE}' - {A} Framework for Managing Information of {A} Human
                  Lifetime},
  booktitle    = {iiWAS'2004 - The sixth International Conference on Information Integrationand
                  Web-based Applications Services, 27-29 September 2004, Jakarta, Indonesia},
  volume       = {183},
  publisher    = {Austrian Computer Society},
  year         = {2004}
}

@InProceedings{vo2014sociallife,
author="Vo, Sao-Khue
and Anjomshoaa, Amin
and Tjoa, A. Min",
title="Semantic-Aware Mashups for Personal Resources in SemanticLIFE and SocialLIFE",
booktitle="Availability, Reliability, and Security in Information Systems",
year="2014",
publisher="Springer International Publishing",
pages="138--154"
}
@inproceedings{sauermann2005overview,
  title={Overview and outlook on the semantic desktop},
  author={Sauermann, Leo and Bernardi, Ansgar and Dengel, Andreas},
  booktitle={Proceedings of the 1st Workshop on The Semantic Desktop at the ISWC 2005 Conference},
  volume={175},
  pages={1--19},
  year={2005},
  organization={Citeseer}
}

@article{seneviratne2021personal,
  title={Personal health knowledge graph for clinically relevant diet recommendations},
  author={Seneviratne, Oshani and Harris, Jonathan and Chen, Ching-Hua and McGuinness, Deborah L},
  journal={arXiv preprint arXiv:2110.10131},
  year={2021}
}

@inproceedings{kottur2022navigating,
  title={Navigating Connected Memories with a Task-oriented Dialog System},
  author={Kottur, Satwik and Moon, Seungwhan and Geramifard, Alborz and Damavandi, Babak},
  booktitle={Proceedings of the 2022 Conference on Empirical Methods in Natural Language Processing},
  pages={2495--2507},
  year={2022}
}

@article{berners2001semantic,
  title={The semantic web},
  author={Berners-Lee, Tim and Hendler, James and Lassila, Ora},
  journal={Scientific American},
  volume={284},
  number={5},
  pages={34--43},
  year={2001}
}

@article{touvron2023llama,
      title={{LL}a{MA}: Open and Efficient Foundation Language Models}, 
      author={Hugo Touvron and Thibaut Lavril and Gautier Izacard and Xavier Martinet and Marie-Anne Lachaux and Timothée Lacroix and Baptiste Rozière and Naman Goyal and Eric Hambro and Faisal Azhar and Aurelien Rodriguez and Armand Joulin and Edouard Grave and Guillaume Lample},
      year={2023},
      journal={arXiv preprint arXiv:2302.13971},
      url={https://doi.org/10.48550/arXiv.2302.13971}
}

@article{ji2023surveyHallucination,
author = {Ji, Ziwei and Lee, Nayeon and Frieske, Rita and Yu, Tiezheng and Su, Dan and Xu, Yan and Ishii, Etsuko and Bang, Ye Jin and Madotto, Andrea and Fung, Pascale},
title = {Survey of Hallucination in Natural Language Generation},
year = {2023},
issue_date = {December 2023},
publisher = {Association for Computing Machinery},
address = {New York, NY, USA},
volume = {55},
number = {12},
url = {https://doi.org/10.1145/3571730},
journal = {ACM Computing Surveys},
month = {mar},
articleno = {248},
numpages = {38},
}

@article{beutel2023artificial,
  title={Artificial hallucination: {GPT} on {LSD}?},
  author={Beutel, Gernot and Geerits, Eline and Kielstein, Jan T},
  journal={Critical Care},
  volume={27},
  number={1},
  pages={148},
  year={2023},
  publisher={Springer},
  url = {"https://doi.org/10.1186/s13054-023-04425-6"}
}

@article{peng2023check,
  title={Check your facts and try again: Improving large language models with external knowledge and automated feedback},
  author={Peng, Baolin and Galley, Michel and He, Pengcheng and Cheng, Hao and Xie, Yujia and Hu, Yu and Huang, Qiuyuan and Liden, Lars and Yu, Zhou and Chen, Weizhu and others},
  journal={arXiv preprint arXiv:2302.12813},
  year={2023},
  url={https://doi.org/10.48550/arXiv.2302.12813}
}

@inproceedings{martino2023knowledge,
    title={Knowledge Injection to Counter Large Language
    Model {(LLM)} Hallucination},
    author={Martino, Ariana and Iannelli, Michael and Truong, Coleen},
    journal={The 20th Extended Semantic Web Conference 2023 (Industry Track)},
    year={2023},
    url = {https://2023.eswc-conferences.org/wp-content/uploads/2023/05/paper_Martino_2023_Knowledge.pdf}
}

@article{sun2023short,
      title={A Short Survey of Viewing Large Language Models in Legal Aspect}, 
      author={Zhongxiang Sun},
      year={2023},
      journal={arXiv preprint arXiv:2303.09136},
      url={https://doi.org/10.48550/arXiv.2303.09136}
}

@inproceedings {carlini2021extracting,
author = {Nicholas Carlini and Florian Tram{\`e}r and Eric Wallace and Matthew Jagielski and Ariel Herbert-Voss and Katherine Lee and Adam Roberts and Tom Brown and Dawn Song and {\'U}lfar Erlingsson and Alina Oprea and Colin Raffel},
title = {Extracting Training Data from Large Language Models},
booktitle = {Proceedings of the 30th USENIX Security Symposium},
year = {2021},
pages = {2633--2650},
url = {https://www.usenix.org/conference/usenixsecurity21/presentation/carlini-extracting},
publisher = {USENIX Association}
}

@inproceedings{retrieving2020lewis,
author = {Lewis, Patrick and Perez, Ethan and Piktus, Aleksandra and Petroni, Fabio and Karpukhin, Vladimir and Goyal, Naman and K\"{u}ttler, Heinrich and Lewis, Mike and Yih, Wen-tau and Rockt\"{a}schel, Tim and Riedel, Sebastian and Kiela, Douwe},
title = {Retrieval-Augmented Generation for Knowledge-Intensive NLP Tasks},
year = {2020},
publisher = {Curran Associates Inc.},
address = {Red Hook, NY, USA},
booktitle = {Proceedings of the 34th International Conference on Neural Information Processing Systems},
articleno = {793},
numpages = {16},
series = {NIPS'20}
}
@article{nasr2023scalable,
  title={Scalable Extraction of Training Data from (Production) Language Models},
  author={Nasr, Milad and Carlini, Nicholas and Hayase, Jonathan and Jagielski, Matthew and Cooper, A Feder and Ippolito, Daphne and Choquette-Choo, Christopher A and Wallace, Eric and Tram{\`e}r, Florian and Lee, Katherine},
  journal={arXiv preprint arXiv:2311.17035},
  year={2023}
}
