%!TEX root = ./main.tex
@article{rpt,
  author       = {Nan Tang and
                  Ju Fan and
                  Fangyi Li and
                  Jianhong Tu and
                  Xiaoyong Du and
                  Guoliang Li and
                  Samuel Madden and
                  Mourad Ouzzani},
  title        = {{RPT:} Relational Pre-trained Transformer Is Almost All You Need towards
                  Democratizing Data Preparation},
  journal      = {Proc. {VLDB} Endow.},
  volume       = {14},
  number       = {8},
  pages        = {1254--1261},
  year         = {2021},
  url          = {http://www.vldb.org/pvldb/vol14/p1254-tang.pdf},
}

@inproceedings{symphony,
  author       = {Zui Chen and
                  Zihui Gu and
                  Lei Cao and
                  Ju Fan and
                  Samuel Madden and
                  Nan Tang},
  title        = {Symphony: Towards Natural Language Query Answering over Multi-modal
                  Data Lakes},
  booktitle    = {{CIDR}},
  year         = {2023},
  url          = {https://www.cidrdb.org/cidr2023/papers/p51-chen.pdf},
}

@inproceedings{verifai,
  author       = {Nan Tang and
                  Chenyu Yang and
                  Ju Fan and
                  Lei Cao and
                  Yuyu Luo and
                  Alon Y. Halevy},
  title        = {VerifAI: Verified Generative {AI}},
  booktitle    = {{CIDR}}, 
  year         = {2024},
  url          = {https://www.cidrdb.org/cidr2024/papers/p5-tang.pdf},
}

@article{de2023evaluation,
  title={An evaluation on large language model outputs: Discourse and memorization},
  author={de Wynter, Adrian and Wang, Xun and Sokolov, Alex and Gu, Qilong and Chen, Si-Qing},
  journal={Natural Language Processing Journal},
  volume={4},
  pages={100024},
  year={2023},
  publisher={Elsevier}
}

@inproceedings{DBLP:conf/acl/PressSL20,
  author    = {Ofir Press and
               Noah A. Smith and
               Omer Levy},
  editor    = {Dan Jurafsky and
               Joyce Chai and
               Natalie Schluter and
               Joel R. Tetreault},
  title     = {Improving Transformer Models by Reordering their Sublayers},
  booktitle = {ACL},
  pages     = {2996--3005},
}

@article{10.14778/3681954.3682003,
author = {Li, Boyan and Luo, Yuyu and Chai, Chengliang and Li, Guoliang and Tang, Nan},
title = {The Dawn of Natural Language to SQL: Are We Fully Ready?},
year = {2024},
issue_date = {July 2024},
publisher = {VLDB Endowment},
volume = {17},
number = {11},
issn = {2150-8097},
url = {https://doi.org/10.14778/3681954.3682003},
doi = {10.14778/3681954.3682003},
journal = {Proc. VLDB Endow.},
month = aug,
pages = {3318â€“3331},
numpages = {14}
}

@book{elasticsearch,
author = {Gormley, Clinton and Tong, Zachary},
title = {Elasticsearch: The Definitive Guide},
year = {2015},
isbn = {1449358543},
publisher = {O'Reilly Media, Inc.},
edition = {1st},
}

@article{deng2022turl,
  title={Turl: Table understanding through representation learning},
  author={Deng, Xiang and Sun, Huan and Lees, Alyssa and Wu, You and Yu, Cong},
  journal={ACM SIGMOD Record},
  volume={51},
  number={1},
  pages={33--40},
  year={2022},
}

@article{chen2019tabfact,
  title={Tabfact: A large-scale dataset for table-based fact verification},
  author={Chen, Wenhu and Wang, Hongmin and Chen, Jianshu and Zhang, Yunkai and Wang, Hong and Li, Shiyang and Zhou, Xiyou and Wang, William Yang},
  journal={arXiv preprint arXiv:1909.02164},
  year={2019}
}


@inproceedings{pasta,
  author    = {Zihui Gu and
               Ju Fan and
               Nan Tang and
               Preslav Nakov and
               Xiaoman Zhao and
               Xiaoyong Du},
  title     = {PASTA: Table-Operations Aware Fact Verification via Sentence-Table Cloze Pre-training},
  booktitle = {{EMNLP}},
  year      = {2022},
}

@inproceedings{herzig-etal-2021-open,
    title = "Open Domain Question Answering over Tables via Dense Retrieval",
    author = {Herzig, Jonathan  and
      M{\"u}ller, Thomas  and
      Krichene, Syrine  and
      Eisenschlos, Julian},
    booktitle = {{EMNLP}},
    month = jun,
    year = "2021",
    pages = "512--519",
}

@inproceedings{karpukhin-etal-2020-dense,
    title = "Dense Passage Retrieval for Open-Domain Question Answering",
    author = "Karpukhin, Vladimir  and
      Oguz, Barlas  and
      Min, Sewon  and
      Lewis, Patrick  and
      Wu, Ledell  and
      Edunov, Sergey  and
      Chen, Danqi  and
      Yih, Wen-tau",
    booktitle = {{EMNLP}},
    month = nov,
    year = "2020",
    pages = "6769--6781",
}

@article{izacard2023atlas,
  title={Atlas: Few-shot learning with retrieval augmented language models},
  author={Izacard, Gautier and Lewis, Patrick and Lomeli, Maria and Hosseini, Lucas and Petroni, Fabio and Schick, Timo and Dwivedi-Yu, Jane and Joulin, Armand and Riedel, Sebastian and Grave, Edouard},
  journal={Journal of Machine Learning Research},
  volume={24},
  number={251},
  pages={1--43},
  year={2023}
}


@inproceedings{prato-etal-2024-large,
    title = "Do Large Language Models Know How Much They Know?",
    author = "Prato, Gabriele  and
      Huang, Jerry  and
      Parthasarathi, Prasanna  and
      Sodhani, Shagun  and
      Chandar, Sarath",
    editor = "Al-Onaizan, Yaser  and
      Bansal, Mohit  and
      Chen, Yun-Nung",
    booktitle = "Proceedings of the 2024 Conference on Empirical Methods in Natural Language Processing",
    month = nov,
    year = "2024",
    address = "Miami, Florida, USA",
    publisher = "Association for Computational Linguistics",
    url = "https://aclanthology.org/2024.emnlp-main.348",
    doi = "10.18653/v1/2024.emnlp-main.348",
    pages = "6054--6070",
}


@article{DBLP:journals/entropy/LinardatosPK21,
  author       = {Pantelis Linardatos and
                  Vasilis Papastefanopoulos and
                  Sotiris Kotsiantis},
  title        = {Explainable {AI:} {A} Review of Machine Learning Interpretability
                  Methods},
  journal      = {Entropy},
  volume       = {23},
  number       = {1},
  pages        = {18},
  year         = {2021},
  url          = {https://doi.org/10.3390/e23010018},
  doi          = {10.3390/E23010018},
  timestamp    = {Tue, 01 Jun 2021 09:59:22 +0200},
  biburl       = {https://dblp.org/rec/journals/entropy/LinardatosPK21.bib},
  bibsource    = {dblp computer science bibliography, https://dblp.org}
}

@inproceedings{DBLP:conf/sigmod/Thirumuruganathan19,
  author       = {Saravanan Thirumuruganathan and
                  Mourad Ouzzani and
                  Nan Tang},
  title        = {Explaining Entity Resolution Predictions: Where are we and What needs
                  to be done?},
  booktitle    = {Proceedings of the Workshop on Human-In-the-Loop Data Analytics, HILDA@SIGMOD
                  2019, Amsterdam, The Netherlands, July 5, 2019},
  pages        = {10:1--10:6},
  publisher    = {{ACM}},
  year         = {2019},
  url          = {https://doi.org/10.1145/3328519.3329130},
  doi          = {10.1145/3328519.3329130},
  timestamp    = {Wed, 25 Sep 2019 13:34:06 +0200},
  biburl       = {https://dblp.org/rec/conf/sigmod/Thirumuruganathan19.bib},
  bibsource    = {dblp computer science bibliography, https://dblp.org}
}

@inproceedings{li-etal-2023-halueval,
    title = "{H}alu{E}val: A Large-Scale Hallucination Evaluation Benchmark for Large Language Models",
    author = "Li, Junyi  and
      Cheng, Xiaoxue  and
      Zhao, Xin  and
      Nie, Jian-Yun  and
      Wen, Ji-Rong",
    booktitle = "Proceedings of the 2023 Conference on Empirical Methods in Natural Language Processing",
    month = dec,
    year = "2023",
    address = "Singapore",
    publisher = "Association for Computational Linguistics",
    url = "https://aclanthology.org/2023.emnlp-main.397",
    doi = "10.18653/v1/2023.emnlp-main.397",
    pages = "6449--6464",
}

@misc{wang2023knowledgptenhancinglargelanguage,
      title={KnowledGPT: Enhancing Large Language Models with Retrieval and Storage Access on Knowledge Bases}, 
      author={Xintao Wang and Qianwen Yang and Yongting Qiu and Jiaqing Liang and Qianyu He and Zhouhong Gu and Yanghua Xiao and Wei Wang},
      year={2023},
      eprint={2308.11761},
      archivePrefix={arXiv},
      primaryClass={cs.CL},
      url={https://arxiv.org/abs/2308.11761}, 
}

@inproceedings{chen2021open,
title={Open Question Answering over Tables and Text},
author={Wenhu Chen and Ming-Wei Chang and Eva Schlinger and William Yang Wang and William W. Cohen},
booktitle={International Conference on Learning Representations},
year={2021},
url={https://openreview.net/forum?id=MmCRswl1UYl}
}


@inproceedings{chen-etal-2022-murag,
    title = "{M}u{RAG}: Multimodal Retrieval-Augmented Generator for Open Question Answering over Images and Text",
    author = "Chen, Wenhu  and
      Hu, Hexiang  and
      Chen, Xi  and
      Verga, Pat  and
      Cohen, William",
    booktitle = {{EMNLP}},
    year = "2022",
}

@inproceedings{luo-etal-2023-unifying,
    title = "Unifying Text, Tables, and Images for Multimodal Question Answering",
    author = "Luo, Haohao  and
      Shen, Ying  and
      Deng, Yang",
    booktitle = {{EMNLP (Findings)}},
    year = "2023",
}

@inproceedings{zhang2024mar,
  title={MAR: Matching-Augmented Reasoning for Enhancing Visual-based Entity Question Answering},
  author={Zhang, Zhengxuan and Wu, Yin and Luo, Yuyu and Tang, Nan},
  booktitle={Proceedings of the 2024 Conference on Empirical Methods in Natural Language Processing},
  pages={1520--1530},
  year={2024}
}

@inproceedings{radford2021learning,
  title={Learning transferable visual models from natural language supervision},
  author={Radford, Alec and Kim, Jong Wook and Hallacy, Chris and Ramesh, Aditya and Goh, Gabriel and Agarwal, Sandhini and Sastry, Girish and Askell, Amanda and Mishkin, Pamela and Clark, Jack and others},
  booktitle={International conference on machine learning},
  pages={8748--8763},
  year={2021},
  organization={PMLR}
}

@INPROCEEDINGS{deepface,
  author={Taigman, Yaniv and Yang, Ming and Ranzato, Marc'Aurelio and Wolf, Lior},
  booktitle={2014 IEEE Conference on Computer Vision and Pattern Recognition}, 
  title={DeepFace: Closing the Gap to Human-Level Performance in Face Verification}, 
  year={2014},
  volume={},
  number={},
  pages={1701-1708},
  keywords={Face;Three-dimensional displays;Training;Face recognition;Agriculture;Solid modeling;Shape},
  doi={10.1109/CVPR.2014.220}}

@article{spacy,
author = {Honnibal, Matthew and Montani, Ines and Van Landeghem, Sofie and Boyd, Adriane},
doi = {10.5281/zenodo.1212303},
title = {{spaCy: Industrial-strength Natural Language Processing in Python}},
year = {2020}
}

@misc{huang2024trustllmtrustworthinesslargelanguage,
      title={TrustLLM: Trustworthiness in Large Language Models}, 
      author={Yue Huang et al.},
      year={2024},
      eprint={2401.05561},
      archivePrefix={arXiv},
      primaryClass={cs.CL},
      url={https://arxiv.org/abs/2401.05561}, 
}

@inproceedings{Ren2023SelfEvaluationIS,
  title={Self-Evaluation Improves Selective Generation in Large Language Models},
  author={Jie Ren and Yao Zhao and Tu Vu and Peter J. Liu and Balaji Lakshminarayanan},
  booktitle={ICBINB},
  year={2023},
  url={https://api.semanticscholar.org/CorpusID:266335508}
}

@article{Yin2024CharacterizingTI,
  title={Characterizing Truthfulness in Large Language Model Generations with Local Intrinsic Dimension},
  author={Fan Yin and Jayanth Srinivasa and Kai-Wei Chang},
  journal={ArXiv},
  year={2024},
  volume={abs/2402.18048},
  url={https://api.semanticscholar.org/CorpusID:268041551}
}