@inproceedings{andoni2022learning,
  title={Learning to hash robustly, guaranteed},
  author={Andoni, Alexandr and Beaglehole, Daniel},
  booktitle={International Conference on Machine Learning},
  pages={599--618},
  year={2022},
  organization={PMLR}
}

@article{andoni2005locality,
  title={Locality-sensitive hashing using stable distributions},
  author={Andoni, Alexandr and Datar, Mayur and Immorlica, Nicole and Indyk, Piotr and Mirrokni, Vahab},
  journal={Nearest-Neighbor Methods in Learning and Vision},
  pages={61--72},
  year={2005},
  publisher={Cambridge, MA, USA: MIT Press}
}

@article{haike2023,
title="Worst-case Performance of Popular Approximate Nearest Neighbor Search Implementations: Guarantees and Limitations",
author="Piotr Indyk and Haike Xu",
year=2023,
journal="manuscript"}

@article{jayaram2019diskann,
  title={Diskann: Fast accurate billion-point nearest neighbor search on a single node},
  author={Jayaram Subramanya, Suhas and Devvrit, Fnu and Simhadri, Harsha Vardhan and Krishnawamy, Ravishankar and Kadekodi, Rohan},
  journal={Advances in Neural Information Processing Systems},
  volume={32},
year={2019}
}

@article{fu2019fast,
  title={Fast approximate nearest neighbor search with the navigating spreading-out graph},
  author={Fu, Cong and Xiang, Chao and Wang, Changxu and Cai, Deng},
  journal={Proceedings of the VLDB Endowment},
  volume={12},
  number={5},
  pages={461--474},
  year={2019},
  publisher={VLDB Endowment}
}

@article{wang2021comprehensive,
  title={A comprehensive survey and experimental comparison of graph-based approximate nearest neighbor search},
  author={Wang, Mengzhao and Xu, Xiaoliang and Yue, Qiang and Wang, Yuxiang},
  journal={arXiv preprint arXiv:2101.12631},
  year={2021}
}


@inproceedings{avq_2020,
  title={Accelerating Large-Scale Inference with Anisotropic Vector Quantization},
  author={Guo, Ruiqi and Sun, Philip and Lindgren, Erik and Geng, Quan and Simcha, David and Chern, Felix and Kumar, Sanjiv},
  booktitle={International Conference on Machine Learning},
  year={2020},
  URL={https://arxiv.org/abs/1908.10396}
}

@inproceedings{indyk1998approximate,
  title={Approximate nearest neighbors: towards removing the curse of dimensionality},
  author={Indyk, Piotr and Motwani, Rajeev},
  booktitle={Proceedings of the thirtieth annual ACM symposium on Theory of computing},
  pages={604--613},
  year={1998}
}

@article{andoni2008near,
  title={Near-optimal hashing algorithms for approximate nearest neighbor in high dimensions},
  author={Andoni, Alexandr and Indyk, Piotr},
  journal={Communications of the ACM},
  volume={51},
  number={1},
  pages={117--122},
  year={2008},
  publisher={ACM New York, NY, USA}
}

@article{arxiv,
  title={Learning space partitions for nearest neighbor search},
  author={Dong, Yihe and Indyk, Piotr and Razenshteyn, Ilya and Wagner, Tal},
  journal={arXiv preprint arXiv:1901.08544},
  year={2019}
}

@inproceedings{purohit2018improving,
  title={Improving Online Algorithms via ML Predictions},
  author={Purohit, Manish and Svitkina, Zoya and Kumar, Ravi},
  booktitle={Advances in Neural Information Processing Systems},
  pages={9661--9670},
  year={2018}
}

@inproceedings{metzler2017learned,
  title={Learned d-amp: Principled neural network based compressive image recovery},
  author={Metzler, Chris and Mousavi, Ali and Baraniuk, Richard},
  booktitle={Advances in Neural Information Processing Systems},
  pages={1772--1783},
  year={2017}
}


@article{baldassarre2016learning,
  title={Learning-based compressive subsampling},
  author={Baldassarre, Luca and Li, Yen-Huan and Scarlett, Jonathan and G{\"o}zc{\"u}, Baran and Bogunovic, Ilija and Cevher, Volkan},
  journal={IEEE Journal of Selected Topics in Signal Processing},
  volume={10},
  number={4},
  pages={809--822},
  year={2016},
  publisher={IEEE}
}

@inproceedings{glorot2010,
  title={Understanding the difficulty of training deep feedforward neural networks},
  author={Glorot, Xavier and Bengio, Yoshua},
  booktitle={International Conference on Artificial Intelligence and Statistics},
  pages={249--256},
  year={2010}
}


@inproceedings{bora2017compressed,
  title={Compressed Sensing using Generative Models},
  author={Bora, Ashish and Jalal, Ajil and Price, Eric and Dimakis, Alexandros G},
  booktitle={International Conference on Machine Learning},
  pages={537--546},
  year={2017}
}

@inproceedings{mousavi2015deep,
  title={A deep learning approach to structured signal recovery},
  author={Mousavi, Ali and Patel, Ankit B and Baraniuk, Richard G},
  booktitle={Communication, Control, and Computing (Allerton), 2015 53rd Annual Allerton Conference on},
  pages={1336--1343},
  year={2015},
  organization={IEEE}
}





@misc{nidetecting,
  title={Detecting Abuse at Scale: Locality Sensitive Hashing at Uber Engineering},
  year={2017},
  author={Ni, Y and Chu, K and Bradley, J}
}

@inproceedings{bahmani2012efficient,
  title={Efficient distributed locality sensitive hashing},
  author={Bahmani, Bahman and Goel, Ashish and Shinde, Rajendra},
  booktitle={Proceedings of the 21st ACM international conference on Information and knowledge management},
  pages={2174--2178},
  year={2012},
  organization={ACM}
}

@inproceedings{bhaskara2018distributed,
  title={Distributed Clustering via LSH Based Data Partitioning},
  author={Bhaskara, Aditya and Wijewardena, Maheshakya},
  booktitle={International Conference on Machine Learning},
  pages={569--578},
  year={2018}
}

@inproceedings{li2017losha,
  title={Losha: A general framework for scalable locality sensitive hashing},
  author={Li, Jinfeng and Cheng, James and Yang, Fan and Huang, Yuzhen and Zhao, Yunjian and Yan, Xiao and Zhao, Ruihao},
  booktitle={Proceedings of the 40th International ACM SIGIR Conference on Research and Development in Information Retrieval},
  pages={635--644},
  year={2017},
  organization={ACM}
}
@article{chen2019sanns,
  title={Sanns: Scaling up secure approximate k-nearest neighbors search},
  author={Chen, Hao and Chillotti, Ilaria and Dong, Yihe and Poburinnaya, Oxana and Razenshteyn, Ilya and Riazi, M Sadegh},
  journal={arXiv preprint arXiv:1904.02033},
  year={2019}
}

@inproceedings{balcan2018learning,
  title={Learning to Branch},
  author={Balcan, Maria-Florina and Dick, Travis and Sandholm, Tuomas and Vitercik, Ellen},
  booktitle={International Conference on Machine Learning},
  year={2018}
}
@inproceedings{kraska2017case,
  title={The case for learned index structures},
  author={Kraska, Tim and Beutel, Alex and Chi, Ed H and Dean, Jeffrey and Polyzotis, Neoklis},
  booktitle={Proceedings of the 2018 International Conference on Management of Data},
  pages={489--504},
  year={2018},
  organization={ACM}
}

@inproceedings{khalil2017learning,
  title={Learning combinatorial optimization algorithms over graphs},
  author={Dai, Hanjun and Khalil, Elias  and Zhang, Yuyu and Dilkina, Bistra and Song, Le},
  booktitle={Advances in Neural Information Processing Systems},
  pages={6351--6361},
  year={2017}
}



@article{wang2016learning,
  title={Learning to hash for indexing big data - a survey},
  author={Wang, Jun and Liu, Wei and Kumar, Sanjiv and Chang, Shih-Fu},
  journal={Proceedings of the IEEE},
  volume={104},
  number={1},
  pages={34--57},
  year={2016},
  publisher={IEEE}
}

@inproceedings{lykouris2018competitive,
  title={Competitive caching with machine learned advice},
  author={Lykouris, Thodoris and Vassilvitskii, Sergei},
booktitle={International Conference on Machine Learning},
  year={2018}
}

@inproceedings{mitz2018model,
  title={A Model for Learned Bloom Filters and Optimizing by Sandwiching},
  author={Michael Mitzenmacher},
  booktitle={Advances in Neural Information Processing Systems},
  year={2018}
}

@phdthesis{razenshteyn2017high,
  title={High-dimensional similarity search and sketching: algorithms and hardness},
  author={Razenshteyn, Ilya},
  year={2017},
  school={Massachusetts Institute of Technology}
}

@article{andoni2018approximate,
  title={Approximate nearest neighbor search in high dimensions},
  author={Andoni, Alexandr and Indyk, Piotr and Razenshteyn, Ilya},
  journal={arXiv preprint arXiv:1806.09823},
  year={2018}
}

@article{andoni2018data,
  title={Data-dependent hashing via nonlinear spectral gaps},
  author={Andoni, Alexandr and Naor, Assaf and Nikolov, Aleksandar and Razenshteyn, Ilya and Waingarten, Erik},
  journal={Proceedings of the 50th Annual ACM SIGACT Symposium on Theory of Computing},
  pages={787--800},
  year={2018},
  organization={ACM}
}

@inproceedings{andoni2018holder,
  title={H{\"o}lder homeomorphisms and approximate nearest neighbors},
  author={Andoni, Alexandr and Naor, Assaf and Nikolov, Aleksandar and Razenshteyn, Ilya and Waingarten, Erik},
  booktitle={2018 IEEE 59th Annual Symposium on Foundations of Computer Science (FOCS)},
  pages={159--169},
  year={2018},
  organization={IEEE}
}

@inproceedings{andoni2015practical,
  title={Practical and optimal LSH for angular distance},
  author={Andoni, Alexandr and Indyk, Piotr and Laarhoven, Thijs and Razenshteyn, Ilya and Schmidt, Ludwig},
  booktitle={Advances in Neural Information Processing Systems},
  pages={1225--1233},
  year={2015}
}

@inproceedings{adam2015,
  title={Adam: A Method for Stochastic Optimization},
  author={Kingma, Diederik and Ba, Jimmy},
  booktitle={International Conference for Learning Representations},
  year={2015}
}

@article{wang2014hashing,
  title={Hashing for similarity search: A survey},
  author={Wang, Jingdong and Shen, Heng Tao and Song, Jingkuan and Ji, Jianqiu},
  journal={arXiv preprint arXiv:1408.2927},
  year={2014}
}

@article{dasgupta2017neural,
  title={A neural algorithm for a fundamental computing problem},
  author={Dasgupta, Sanjoy and Stevens, Charles F and Navlakha, Saket},
  journal={Science},
  volume={358},
  number={6364},
  pages={793--796},
  year={2017},
  publisher={American Association for the Advancement of Science}
}

@article{jegou2011product,
  title={Product quantization for nearest neighbor search},
  author={J\'egou, Herve and Douze, Matthijs and Schmid, Cordelia},
  journal={IEEE transactions on pattern analysis and machine intelligence},
  volume={33},
  number={1},
  pages={117--128},
  year={2011},
  publisher={IEEE}
}

@inproceedings{babenko2012inverted,
  title={The inverted multi-index},
  author={Babenko, Artem and Lempitsky, Victor},
  booktitle={Computer Vision and Pattern Recognition (CVPR), 2012 IEEE Conference on},
  pages={3069--3076},
  year={2012},
  organization={IEEE}
}

@inproceedings{lv2007multi,
  title={Multi-probe LSH: efficient indexing for high-dimensional similarity search},
  author={Lv, Qin and Josephson, William and Wang, Zhe and Charikar, Moses and Li, Kai},
  booktitle={Proceedings of the 33rd international conference on Very large data bases},
  pages={950--961},
  year={2007},
  organization={VLDB Endowment}
}

@inproceedings{dasgupta2013randomized,
  title={Randomized partition trees for exact nearest neighbor search},
  author={Dasgupta, Sanjoy and Sinha, Kaushik},
  booktitle={Conference on Learning Theory},
  pages={317--337},
  year={2013}
}

@article{sproull1991refinements,
  title={Refinements to nearest-neighbor searching ink-dimensional trees},
  author={Sproull, Robert F},
  journal={Algorithmica},
  volume={6},
  number={1-6},
  pages={579--589},
  year={1991},
  publisher={Springer}
}

@inproceedings{bawa2005lsh,
  title={LSH forest: self-tuning indexes for similarity search},
  author={Bawa, Mayank and Condie, Tyson and Ganesan, Prasanna},
  booktitle={Proceedings of the 14th international conference on World Wide Web},
  pages={651--660},
  year={2005},
  organization={ACM}
}

@inproceedings{sandersschulz2013, 
             AUTHOR = {Sanders, Peter and Schulz, Christian},
             TITLE = {{Think Locally, Act Globally: Highly Balanced Graph Partitioning}},
             BOOKTITLE = {Proceedings of the 12th International Symposium on Experimental Algorithms (SEA'13)},
             SERIES = {LNCS},
             PUBLISHER = {Springer},
             YEAR = {2013},
             VOLUME = {7933},
             PAGES = {164--175}
}
@inproceedings{aumuller2017ann,
  title={ANN-Benchmarks: A benchmarking tool for approximate nearest neighbor algorithms},
  author={Aum{\"u}ller, Martin and Bernhardsson, Erik and Faithfull, Alexander},
  booktitle={International Conference on Similarity Search and Applications},
  pages={34--49},
  year={2017},
  organization={Springer}
}
@article{malkov2018efficient,
  title={Efficient and robust approximate nearest neighbor search using hierarchical navigable small world graphs},
  author={Malkov, Yury A and Yashunin, Dmitry A},
  journal={IEEE transactions on pattern analysis and machine intelligence},
  year={2018},
  publisher={IEEE}
}
@article{johnson2017billion,
  title={Billion-scale similarity search with gpus},
  author={Johnson, Jeff and Douze, Matthijs and J{\'e}gou, Herv{\'e}},
  journal={arXiv preprint arXiv:1702.08734},
  year={2017}
}
@article{sun2014srs,
  title={SRS: solving c-approximate nearest neighbor queries in high dimensional euclidean space with a tiny index},
  author={Sun, Yifang and Wang, Wei and Qin, Jianbin and Zhang, Ying and Lin, Xuemin},
  journal={Proceedings of the VLDB Endowment},
  volume={8},
  number={1},
  pages={1--12},
  year={2014},
  publisher={VLDB Endowment}
}
@inproceedings{
sablayrolles2018spreading,
title={Spreading vectors for similarity search},
author={Alexandre Sablayrolles and Matthijs Douze and Cordelia Schmid and Herve J\'egou},
booktitle={International Conference on Learning Representations},
year={2019},
url={https://openreview.net/forum?id=SkGuG2R5tm},
}
@article{gong2013iterative,
  title={Iterative quantization: A procrustean approach to learning binary codes for large-scale image retrieval},
  author={Gong, Yunchao and Lazebnik, Svetlana and Gordo, Albert and Perronnin, Florent},
  journal={IEEE Transactions on Pattern Analysis and Machine Intelligence},
  volume={35},
  number={12},
  pages={2916--2929},
  year={2013},
  publisher={IEEE}
}

@inproceedings{kusner2015word,
  title={From word embeddings to document distances},
  author={Kusner, Matt and Sun, Yu and Kolkin, Nicholas and Weinberger, Kilian},
  booktitle={International Conference on Machine Learning},
  pages={957--966},
  year={2015}
}

@inproceedings{zhang2017embedjoin,
  title={Embedjoin: Efficient edit similarity joins via embeddings},
  author={Zhang, Haoyu and Zhang, Qin},
  booktitle={Proceedings of the 23rd ACM SIGKDD International Conference on Knowledge Discovery and Data Mining},
  pages={585--594},
  year={2017},
  organization={ACM}
}

@inproceedings{jain2017subic,
  title={SUBIC: A supervised, structured binary code for image search},
  author={Jain, Himalaya and Zepeda, Joaquin and P{\'e}rez, Patrick and Gribonval, R{\'e}mi},
  booktitle={Proc. Int. Conf. Computer Vision},
  volume={1},
  number={2},
  pages={3},
  year={2017}
}

@article{klein2017defense,
  title={In Defense of Product Quantization},
  author={Klein, Benjamin and Wolf, Lior},
  journal={arXiv preprint arXiv:1711.08589},
  year={2017}
}

@inproceedings{andoni2017optimal,
  title={Optimal hashing-based time-space trade-offs for approximate near neighbors},
  author={Andoni, Alexandr and Laarhoven, Thijs and Razenshteyn, Ilya and Waingarten, Erik},
  booktitle={Proceedings of the Twenty-Eighth Annual ACM-SIAM Symposium on Discrete Algorithms},
  pages={47--66},
  year={2017},
  organization={Society for Industrial and Applied Mathematics}
}

@inproceedings{erin2015deep,
  title={Deep hashing for compact binary codes learning},
  author={Liong, Venice Erin and Lu, Jiwen and Wang, Gang and Moulin, Pierre and Zhou, Jie},
  booktitle={Proceedings of the IEEE conference on computer vision and pattern recognition},
  pages={2475--2483},
  year={2015}
}

@article{schmidt2018learning,
  title={Learning Representations for Faster Similarity Search},
  author={Schmidt, Ludwig and Talwar, Kunal},
  year={2018}
}

@inproceedings{keivani2018improved,
  title={Improved nearest neighbor search using auxiliary information and priority functions},
  author={Keivani, Omid and Sinha, Kaushik},
  booktitle={International Conference on Machine Learning},
  pages={2578--2586},
  year={2018}
}

@inproceedings{kumar2008good,
  title={What is a good nearest neighbors algorithm for finding similar patches in images?},
  author={Kumar, Neeraj and Zhang, Li and Nayar, Shree},
  booktitle={European conference on computer vision},
  pages={364--378},
  year={2008},
  organization={Springer}
}

@article{abdullah2014spectral,
  title={Spectral approaches to nearest neighbor search},
  author={Abdullah, Amirali and Andoni, Alexandr and Kannan, Ravindran and Krauthgamer, Robert},
  journal={arXiv preprint arXiv:1408.0751},
  year={2014}
}

@article{ioffe2015batch,
  title={Batch normalization: Accelerating deep network training by reducing internal covariate shift},
  author={Ioffe, Sergey and Szegedy, Christian},
  journal={arXiv preprint arXiv:1502.03167},
  year={2015}
}

@inproceedings{pennington2014glove,
  title={Glove: Global vectors for word representation},
  author={Pennington, Jeffrey and Socher, Richard and Manning, Christopher},
  booktitle={Proceedings of the 2014 conference on empirical methods in natural language processing (EMNLP)},
  pages={1532--1543},
  year={2014}
}

@inproceedings{norouzi2013cartesian,
  title={Cartesian k-means},
  author={Norouzi, Mohammad and Fleet, David J},
  booktitle={Proceedings of the IEEE Conference on Computer Vision and Pattern Recognition},
  pages={3017--3024},
  year={2013}
}

@article{ge2014optimized,
  title={Optimized product quantization},
  author={Ge, Tiezheng and He, Kaiming and Ke, Qifa and Sun, Jian},
  journal={IEEE transactions on pattern analysis and machine intelligence},
  volume={36},
  number={4},
  pages={744--755},
  year={2014},
  publisher={IEEE}
}

@inproceedings{wu2017multiscale,
  title={Multiscale quantization for fast similarity search},
  author={Wu, Xiang and Guo, Ruiqi and Suresh, Ananda Theertha and Kumar, Sanjiv and Holtmann-Rice, Daniel N and Simcha, David and Yu, Felix},
  booktitle={Advances in Neural Information Processing Systems},
  pages={5745--5755},
  year={2017}
}

@inproceedings{cayton2008learning,
  title={A learning framework for nearest neighbor search},
  author={Cayton, Lawrence and Dasgupta, Sanjoy},
  booktitle={Advances in Neural Information Processing Systems},
  pages={233--240},
  year={2007}
}

@article{chung1996laplacians,
  title={Laplacians of graphs and Cheeger’s inequalities},
  author={Chung, Fan RK},
  journal={Combinatorics, Paul Erdos is Eighty},
  volume={2},
  number={157-172},
  pages={13--2},
  year={1996}
}

@article{gong2012iterative,
  title={Iterative quantization: A procrustean approach to learning binary codes for large-scale image retrieval},
  author={Gong, Yunchao and Lazebnik, Svetlana and Gordo, Albert and Perronnin, Florent},
  journal={IEEE Transactions on Pattern Analysis and Machine Intelligence},
  volume={35},
  number={12},
  pages={2916--2929},
  year={2012},
  publisher={IEEE}
}

@inproceedings{ram2013space,
  title={Which space partitioning tree to use for search?},
  author={Ram, Parikshit and Gray, Alexander},
  booktitle={Advances in Neural Information Processing Systems},
  pages={656--664},
  year={2013}
}

@inproceedings{li2011learning,
  title={Learning to search efficiently in high dimensions},
  author={Li, Zhen and Ning, Huazhong and Cao, Liangliang and Zhang, Tong and Gong, Yihong and Huang, Thomas S},
  booktitle={Advances in Neural Information Processing Systems},
  pages={1710--1718},
  year={2011}
}
