@article{bradburn1987answering,
  title={Answering autobiographical questions: The impact of memory and inference on surveys},
  author={Bradburn, Norman M and Rips, Lance J and Shevell, Steven K},
  journal={Science},
  volume={236},
  number={4798},
  pages={157--161},
  year={1987},
  publisher={American Association for the Advancement of Science}
}


@article{tulving,
  title={10. Episodic and semantic memory},
  author={Tulving, Endel},
  journal={Organization of memory/Eds E. Tulving, W. Donaldson, NY: Academic Press},
  pages={381--403},
  year={1972}
}

@article{conway,
  title={The structure of autobiographical memory},
  author={Conway, Martin A and Rubin, David C},
  journal={Theories of memory},
  volume={103},
  pages={137},
  year={1993}
}


@book{schacter,
  title={The seven sins of memory: How the mind forgets and remembers},
  author={Schacter, Daniel L},
  year={2002},
  publisher={HMH}
}

@article{jones,
  title={Personal information management},
  author={Jones, William},
  journal={Annual review of information science and technology},
  volume={41},
  pages={453--504},
  year={2007},
  publisher={Wiley Online Library}
}

@inproceedings{usOdbase,
  author    = {Varvara Kalokyri and
               Alexander Borgida and
               Am{\'{e}}lie Marian and
               Daniela Vianna},
  title     = {Semantic Modeling and Inference with Episodic Organization for Managing
               Personal Digital Traces - (Short Paper)},
  booktitle = {Proc. {ODBASE} 2017},
  pages     = {273--280},
  year      = {2017}
}

@article{mylifebits,
 author = {Gemmell, Jim and Bell, Gordon and Lueder, Roger},
 title = {MyLifeBits: a personal database for everything},
 journal = {ACM},
 issue_date = {January 2006},
 volume = {49},
 number = {1},
 year = {2006},
 pages = {88--95},
 publisher = {ACM}
}

@inproceedings{wu2008collaborating,
  title={Collaborating to remember: a distributed cognition account of families coping with memory impairments},
  author={Wu, Mike and Birnholtz, Jeremy and Richards, Brian and Baecker, Ronald and Massimi, Mike},
  booktitle={Proceedings of the SIGCHI conference on human factors in computing systems},
  pages={825--834},
  year={2008}
}

@inproceedings{devaulmemory,
  title={The memory glasses: subliminal vs. overt memory support with imperfect information},
  author={DeVaul, Richard W and Pentland, Alex and Corey, Vicka R},
  booktitle={Symp. Wearable Computers, 2003},
  year={2003},
}

@inproceedings{deycybreminder,
  title={Cybreminder: A context-aware system for supporting reminders},
  author={Dey, Anind K and Abowd, Gregory D},
  booktitle={Int. Symposium on Handheld and Ubiquitous Computing},
  pages={172--186},
  year={2000},
}

@article{memoclip,
  title={MemoClip: A location-based remembrance appliance},
  author={Beigl, Michael},
  journal={Personal Technologies},
  volume={4},
  number={4},
  pages={230--233},
  year={2000},
  publisher={Springer}
}

@article{kapurexternal,
  title={External memory aids and computers in memory rehabilitation},
  author={Kapur, Narinder and Glisky, Elizabeth L and Wilson, Barbara A},
  journal={The essential handbook of memory disorders for clinicians},
  year={2004},
  publisher={Wiley}
}

@inproceedings{hodges2006sensecam,
  title={SenseCam: A retrospective memory aid},
  author={Hodges, Steve and Williams, Lyndsay and Berry, Emma and Izadi, Shahram and Srinivasan, James and Butler, Alex and Smyth, Gavin and Kapur, Narinder and Wood, Ken},
  booktitle={International conference on ubiquitous computing},
  pages={177--193},
  year={2006},
  organization={Springer}
}

@article{van2012introduction,
  title={Introduction to this special issue on designing for personal memories: past, present, and future},
  author={Van Den Hoven, Elise and Sas, Corina and Whittaker, Steve},
  journal={HCI},
  volume={27},
  number={1-2},
  pages={1--12},
  year={2012},
  publisher={Taylor \& Francis}
}

@inproceedings{thakur2016personalization,
  title={Personalization for google now: user understanding and application to information recommendation and exploration},
  author={Thakur, Shashi},
  booktitle={Proceedings of the 10th ACM Conference on Recommender Systems},
  pages={3--3},
  year={2016}
}

@article{hoy2018alexa,
  title={Alexa, Siri, Cortana, and more: an introduction to voice assistants},
  author={Hoy, Matthew B},
  journal={Medical reference services quarterly},
  volume={37},
  number={1},
  pages={81--88},
  year={2018},
  publisher={Taylor \& Francis}
}

@article{murakami2012system,
  title={A System for Creating Userâ€™s Knowledge Space from Various Information Usages to Support Human Recollection},
  author={Murakami, Harumi and Mitsuhashi, Kenta},
  journal={International Journal of Advancements in Computing Technology},
  volume={4},
  number={22},
  year={2012},
  publisher={Advanced Institute of Convergence IT Technology}
}

@article{eames2003contact,
  title={Contact tracing and disease control},
  author={Eames, Ken TD and Keeling, Matt J},
  journal={Proceedings of the Royal Society of London. Series B: Biological Sciences},
  volume={270},
  number={1533},
  pages={2565--2571},
  year={2003},
  publisher={The Royal Society}
}

@techreport{world2015implementation,
  title={Implementation and management of contact tracing for Ebola virus disease: emergency guideline},
  author={World Health Organization and Centers for Disease Control and Prevention and others},
  year={2015},
  institution={World Health Organization}
}

@article{kiss2005disease,
  title={Disease contact tracing in random and clustered networks},
  author={Kiss, Istvan Z and Green, Darren M and Kao, Rowland R},
  journal={Proc. of the Royal Society B: Biological Sciences},
  pages={1407--1414},
  year={2005},
  publisher={The Royal Society London}
}

@article{huerta2002contact,
  title={Contact tracing and epidemics control in social networks},
  author={Huerta, Ramon and Tsimring, Lev S},
  journal={Physical Review E},
  volume={66},
  number={5},
  pages={056115},
  year={2002},
  publisher={APS}
}

@article{webb2015model,
  title={A model of the 2014 Ebola epidemic in West Africa with contact tracing},
  author={Webb, Glenn and Browne, Cameron and Huo, Xi and Seydi, Ousmane and Seydi, Moussa and Magal, Pierre},
  journal={PLoS currents},
  volume={7},
  year={2015},
  publisher={Public Library of Science}
}


@article{ha2016evaluation,
  title={Evaluation of a mobile health approach to tuberculosis contact tracing in Botswana},
  author={Ha, Yoonhee P and Tesfalul, Martha A and Littman-Quinn, Ryan and Antwi, Cynthia and Green, Rebecca S and Mapila, Tumelo O and Bellamy, Scarlett L and Ncube, Ronald T and Mugisha, Kenneth and Ho-Foster, Ari R and others},
  journal={Journal of health communication},
  volume={21},
  number={10},
  pages={1115--1121},
  year={2016},
  publisher={Taylor \& Francis}
}


@article{raskar2020apps,
  title={Apps gone rogue: Maintaining personal privacy in an epidemic},
  author={Raskar, Ramesh and Schunemann, Isabel and Barbar, Rachel and Vilcans, Kristen and Gray, Jim and Vepakomma, Praneeth and Kapa, Suraj and Nuzzo, Andrea and Gupta, Rajiv and Berke, Alex and others},
  journal={arXiv preprint arXiv:2003.08567},
  year={2020}
}


@misc{GoogleApple,
  author={Google},
  year={2020},
  title={Apple and Google partner on COVID-19 contact tracing technology},
  howpublished = {\url{https://tinyurl.com/442c99wm}},
  note = {Accessed: 2022-04-11}
}


%%%%%%%%%%%%%%%%%%%%%%%

@article{barreau1995context,
  title={Context as a factor in personal information management systems},
  author={Barreau, Deborah K},
  journal={Journal of the American Society for Information Science},
  volume={46},
  number={5},
  pages={327--339},
  year={1995},
  publisher={Wiley Online Library}
}

@article{barreau1995finding,
  title={Finding and reminding: file organization from the desktop},
  author={Barreau, Deborah and Nardi, Bonnie A},
  journal={ACM SigChi},
  volume={27},
  pages={39--43},
  year={1995},
  publisher={ACM New York, NY, USA}
}

@inproceedings{whittaker1996email,
  title={Email overload: exploring personal information management of email},
  author={Whittaker, Steve and Sidner, Candace},
  booktitle={Proceedings of the SIGCHI conference on Human factors in computing systems},
  pages={276--283},
  year={1996}
}

@article{whittaker2006email,
  title={Email in personal information management},
  author={Whittaker, Steve and Bellotti, Victoria and Gwizdka, Jacek},
  journal={ACM},
  volume={49},
  number={1},
  pages={68--73},
  year={2006},
  publisher={ACM New York, NY, USA}
}

@inproceedings{snyder2013cloudsweeper,
  title={Cloudsweeper: enabling data-centric document management for secure cloud archives},
  author={Snyder, Peter and Kanich, Chris},
  booktitle={Proceedings of the 2013 ACM workshop on Cloud computing security workshop},
  pages={47--54},
  year={2013}
}

@article{balter1997strategies,
  title={Strategies for organising email messages},
  author={Balter, Olle},
  journal={HCI 1997},
  pages={21--38},
  year={1997}
}

@inproceedings{ayodele2012machine,
  title={Machine learning approach towards email management},
  author={Ayodele, Taiwo and Akmayeva, Galyna and Shoniregun, Charles A},
  booktitle={World Congress on Internet Security (WorldCIS)},
  year={2012},
  organization={IEEE}
}

@inproceedings{kaptelinin2003umea,
  title={UMEA: translating interaction histories into project contexts},
  author={Kaptelinin, Victor},
  booktitle={SIGCHI conference on Human factors in computing systems},
  pages={353--360},
  year={2003}
}

@article{lansdale1988psychology,
  title={The psychology of personal information management},
  author={Lansdale, Mark W},
  journal={Applied ergonomics},
  volume={19},
  number={1},
  pages={55--66},
  year={1988},
  publisher={Elsevier}
}

@phdthesis{boardman2004improving,
  title={Improving tool support for personal information management},
  author={Boardman, Richard Peter},
  year={2004},
  school={University of London London, UK}
}

@inproceedings{bergman2004personal,
  title={Personal information management},
  author={Bergman, Ofer and Boardman, Richard and Gwizdka, Jacek and Jones, William},
  booktitle={Chi'04 extended abstracts on human factors in computing systems},
  pages={1598--1599},
  year={2004}
}


@inproceedings{bellotti2002innovation,
  title={Innovation in extremis: evolving an application for the critical work of email and information management},
  author={Bellotti, Victoria and Ducheneaut, Nicolas and Howard, Mark and Smith, Ian and Neuwirth, Christine},
  booktitle={Proceedings of the 4th conference on Designing interactive systems: processes, practices, methods, and techniques},
  pages={181--192},
  year={2002}
}

@book{bellrecall,
author = {Bell, Gordon and Gemmell, Jim},
year = {2009},
month = {01},
title = {Total Recall: How the e-Memory Revolution Will Change Everything},
isbn = {978-0-525-95134-6},
publisher={Dutton}
}

@article{czerwinski2006digital,
  title={Digital memories in an era of ubiquitous computing and abundant storage},
  author={Czerwinski, Mary and Gage, Douglas W and Gemmell, Jim and Marshall, Catherine C and P{\'e}rez-Qui{\~n}ones, Manuel A and Skeels, Meredith M and Catarci, Tiziana},
  journal={ACM},
  volume={49},
  pages={44--50},
  year={2006},
  publisher={ACM}
}


@article{sellen2010beyond,
  title={Beyond total capture: a constructive critique of lifelogging},
  author={Sellen, A. and Whittaker, S.},
  journal={ACM Communic},
  year={2010}
}

@article{tulving1972organisation,
  title={10. Episodic and semantic memory},
  author={Tulving, Endel},
  journal={Organization of memory/Eds E. Tulving, W. Donaldson, NY: Academic Press},
  pages={381--403},
  year={1972}
}


@article{conway1993structure,
  title={The structure of autobiographical memory},
  author={Conway, Martin A and Rubin, David C},
  journal={Theories of memory},
  volume={103},
  pages={137},
  year={1993}
}

@article{schank1977,
  title={Scripts, plans, goals and understanding},
  author={Abelson, Robert and Schank, Roger C},
  journal={An inquiry into human knowledge structures New Jersey},
  volume={10},
  year={1977}
}

@inproceedings{snow2008cheap,
  title={Cheap and fast--but is it good? evaluating non-expert annotations for natural language tasks},
  author={Snow, Rion and Oâ€™connor, Brendan and Jurafsky, Dan and Ng, Andrew Y},
  booktitle={Proceedings of the 2008 conference on empirical methods in natural language processing},
  pages={254--263},
  year={2008}
}

@inproceedings{singh2002open,
  title={Open mind common sense: Knowledge acquisition from the general public},
  author={Singh, Push and Lin, Thomas and Mueller, Erik T and Lim, Grace and Perkins, Travell and Zhu, Wan Li},
  booktitle={OTM},
  pages={1223--1237},
  year={2002},
}

@article{von2008designing,
  title={Designing games with a purpose},
  author={Von Ahn, Luis and Dabbish, Laura},
  journal={Communications of the ACM},
  volume={51},
  number={8},
  pages={58--67},
  year={2008},
  publisher={ACM New York, NY, USA}
}

@inproceedings{regneri2010learning,
  title={Learning script knowledge with web experiments},
  author={Regneri, Michaela and Koller, Alexander and Pinkal, Manfred},
  booktitle={ACL},
  pages={979--988},
  year={2010}
}


@inproceedings{kalokyri2018yourdigitalself,
  title={YourDigitalSelf: A personal digital trace integration tool},
  author={Kalokyri, Varvara and Borgida, Alexander and Marian, Am{\'e}lie},
  booktitle={Proceedings of the 27th CIKM conference},
  pages={1963--1966},
  year={2018},
  organization={ACM}
}

@inproceedings{usOdbase,
  author    = {Varvara Kalokyri and
               Alexander Borgida and
               Am{\'{e}}lie Marian and
               Daniela Vianna},
  title     = {Semantic Modeling and Inference with Episodic Organization for Managing
               Personal Digital Traces - (Short Paper)},
  booktitle = {Proc. {ODBASE} 2017},
  pages     = {273--280},
  year      = {2017}
}
@inproceedings{usExploreDB,
  author    = {Varvara Kalokyri and
               Alexander Borgida and
               Am{\'{e}}lie Marian and
               Daniela Vianna},
  title     = {Integration and Exploration of Connected Personal Digital Traces},
  booktitle = {Proc. ExploreDB'17},
  pages     = {3:1--3:6},
  year      = {2017}
}

@inproceedings{iiweb,
author = {Daniela Vianna and  Alicia-Michelle Yong and Chaolun Xia and Am\'elie Marian and Thu D. Nguyen},
title = { A Tool for Personal Data Extraction},
booktitle = {Proceedings of the 10th IIWeb Workshop},
year = {2014}
}

@inproceedings{geib2008new,
  title={A New Probabilistic Plan Recognition Algorithm Based on String Rewriting.},
  author={Geib, Christopher W and Maraist, John and Goldman, Robert P},
  booktitle={ICAPS},
  pages={91--98},
  year={2008}
}

@article{gurrin2014lifelogging,
  title={Lifelogging: Personal big data},
  author={Gurrin, Cathal and Smeaton, Alan F and Doherty, Aiden R and others},
  journal={Foundations and Trends{\textregistered} in information retrieval},
  volume={8},
  number={1},
  pages={1--125},
  year={2014},
  publisher={Now Publishers, Inc.}
}

@article{miller1995wordnet,
  title={WordNet: a lexical database for English},
  author={Miller, George A},
  journal={Communications of the ACM},
  volume={38},
  number={11},
  pages={39--41},
  year={1995},
  publisher={ACM}
}

@article{liu2004conceptnet,
  title={ConceptNet: a practical commonsense reasoning tool-kit},
  author={Liu, Hugo and Singh, Push},
  journal={BT technology journal},
  volume={22},
  number={4},
  year={2004},
  publisher={Springer}
}

@article{schuler2005verbnet,
  title={VerbNet: A broad-coverage, comprehensive verb lexicon},
  author={Schuler, Karin Kipper},
  year={2005}
}

@article{fillmore2003background,
  title={Background to framenet},
  author={Fillmore, Charles J and Johnson, Christopher R and Petruck, Miriam RL},
  journal={International journal of lexicography},
  volume={16},
  number={3},
  pages={235--250},
  year={2003},
  publisher={Oxford University Press}
}


@misc{natty,
  author={Stelmach},
  year={2016},
  title={Natty Date Parser},
  howpublished = {\url{https://github.com/joestelmach/natty}},
  note = {Accessed: 2022-04-11}
}

@inproceedings{kalokyri2023one,
  title={One of Us: a Multiplayer Web-based Game for Digital Evidence Acquisition of Scripts through Crowdsourcing},
  author={Kalokyri, Varvara and Borgida, Alex and Marian, Amelie},
  booktitle={Proceedings of the 2023 Conference on Human Information Interaction and Retrieval},
  pages={187--196},
  year={2023}
}

@article{serf,
  title={Swoosh: a generic approach to entity resolution},
  author={Benjelloun, Omar and Garcia-Molina, Hector and Menestrina, David and Su, Qi and Whang, Steven Euijong and Widom, Jennifer},
  journal={The VLDB Journal},
  volume={18},
  number={1},
  pages={255--276},
  year={2009},
  publisher={Springer}
}

@article{shafer1986combination,
  title={The combination of evidence},
  author={Shafer, Glenn},
  journal={International Journal of Intelligent Systems},
  volume={1},
  number={3},
  pages={155--179},
  year={1986},
  publisher={Wiley Online Library}
}

@inproceedings{li2008mining,
  title={Mining user similarity based on location history},
  author={Li, Quannan and Zheng, Yu and Xie, Xing and Chen, Yukun and Liu, Wenyu and Ma, Wei-Ying},
  booktitle={SIGSPATIAL  Advances in geographic inf. systems},
  pages={34},
  year={2008},
}

@book{bell-total-recall,
author={Gordon Bell and Jim Gemmell},
title = {Total Recall: How the E-Memory Revolution Will Change Everything},
publisher = {Penguin},
year = 2009
}

@inbook{ same-karger,
author = {David R. Karger},
chapter = {Unify Everything: It's All the same to Me},
crossref = {PIMbook}
}

@inproceedings{haystack,
  author    = {David R. Karger and
               Karun Bakshi and
               David Huynh and
               Dennis Quan and
               Vineet Sinha},
  title     = {Haystack: A General-Purpose Information Management Tool
               for End Users Based on Semistructured Data},
  booktitle = {CIDR'05},
  year      = {2005},
  pages     = {13-26}
}

@inproceedings{haystack2,
  author    = {Eytan Adar and
               David R. Karger and
               Lynn Andrea Stein},
  title     = {Haystack: Per-User Information Environments},
  booktitle = {Proceedings of the 1999 {ACM} {CIKM} International Conference on Information
               and Knowledge Management, Kansas City, Missouri, USA, November 2-6,
               1999},
  pages     = {413--422},
  year      = {1999},
 }
 
 @inproceedings{xu03towards,
  author = "Z. Xu and M. Karlsson and C. Tang and C. Karamanolis",
  title = "Towards a {S}emantic-{A}ware {F}ile {S}tore",
  year = "2003",
  booktitle = {Proceedings of the {W}orkshop on {H}ot {T}opics in {O}perating {S}ystems (HotOS'03)}
}

@inproceedings{stuff,
author = {Susan Dumais and Edward Cutrell and Jonathan J. Cadiz and Gavin Jancke and Raman Sarin and Daniel C. Robbins}, 
title = {Stuff I've Seen:  A System for Personal Information Retrieval and Re-Use},
booktitle =  {(SIGIR'03)},
year = 2003
}

@article{dataspace,
  author    = {Michael J. Franklin and
               Alon Y. Halevy and
               David Maier},
  title     = {A first tutorial on dataspaces},
  journal   = {{PVLDB}},
  volume    = {1},
  number    = {2},
  pages     = {1516--1517},
  year      = {2008},
  }


@inproceedings{semex1,
    author = {Xin Dong and Alon Halevy and Ema Nemes and Stephan B. Sigurdsson and Pedro Domingos},
    title = {Semex: Toward on-the-fly personal information integration},
    booktitle = {Workshop on Information Integration on the Web (IIWEB},
    year = {2004}
}

@inproceedings{semex2,
  author    = {Xin Dong and
               Alon Y. Halevy},
  title     = {A Platform for Personal Information Management and Integration},
  booktitle = {{CIDR}},
  pages     = {119--130},
  year      = {2005},
 }


@inproceedings{iDM,
  author    = {Jens{-}Peter Dittrich and
               Marcos Antonio Vaz Salles},
  title     = {iDM: {A} Unified and Versatile Data Model for Personal Dataspace Management},
  booktitle = {VLDB'06},
  pages     = {367--378},
  year      = {2006}
}

@inproceedings{imemex,
    author = {Lukas Blunschi and Jens-peter Dittrich and Olivier Rene Girard and Shant Kirakos and Karakashian Marcos and Antonio Vaz Salles},
    title = {A dataspace odyssey: The iMeMex personal dataspace management system},
    booktitle = {In CIDR},
    year = {2007}
}


@article{memex,
author = {Vannevar Bush},
title = {As We May Think},
journal = {The Atlantic Monthly},
year =1945
}

@inproceedings{dietterich,
  title={TaskTracer: a desktop environment to support multi-tasking knowledge workers},
  author={Dragunov, Anton N and Dietterich, Thomas G and Johnsrude, Kevin and McLaughlin, Matthew and Li, Lida and Herlocker, Jonathan L},
  booktitle={Conf. on Intelligent User Interfaces (IUI'05)},
  pages={75--82},
  year={2005}
}

@incollection{owl,
  title={OWL: Web ontology language},
  author={Bechhofer, Sean},
  booktitle={Encyclopedia of Database Systems},
  pages={2008--2009},
  year={2009},
  publisher={Springer}
}



@inproceedings{casati,
  title={Conceptual modeling of workflows},
  author={Casati, Fabio and Ceri, Stefano and Pernici, Barbara and Pozzi, Giuseppe},
  booktitle={International Conference on Conceptual Modeling},
  pages={341--354},
  year={1995},
  organization={Springer}
}


@article{cyc,
  title={CYC: A large-scale investment in knowledge infrastructure},
  author={Lenat, Douglas B},
  journal={Communications of the ACM},
  volume={38},
  number={11},
  pages={33--38},
  year={1995},
  publisher={ACM}
}

@article{kubovy,
	journal = {Philosophia Scienti\ae},
	title = {The Deep Structure of Lives},
	author = {Michael Kubovy},
	year = {2015},
	pages = {153--176},
	volume = {19}
}

@inproceedings{ADLasbru,
  title={Recognising activities of daily life using hierarchical plans},
  author={Naeem, Usman and Bigham, John and Wang, Jinfu},
  booktitle={European Conf. on Smart Sensing and Context},
  pages={175--189},
  year={2007}
}

@incollection{asbru,
  title={AsbruView: capturing complex, time-oriented plans Ã‘ beyond flow charts},
  author={Kosara, Robert and Miksch, Silvia and Shahar, Yuval and Johnson, Peter},
  booktitle={Diagrammatic Representation and Reasoning},
  pages={535--549},
  year={2002},
}

@article{behavRecognitionSurvey14,
 title={A survey on ontologies for human behavior recognition},
 author={Rodr{\'\i}guez, Natalia D{\'\i}az and Cu{\'e}llar, Manuel P and Lilius, Johan and Calvo-Flores, Miguel Delgado},
 journal={ACM Computing Surveys},
 volume={46},
 number={4},
 pages={43},
 year={2014}
}



@book{psychScripts,
  title={Knowledge Structures},
  author={Galambos, James A and Black, John B and Abelson, Robert P},
  year={2013},
  publisher={Psychology Press}
}

@article{framenet,
  title={Background to Framenet},
  author={Fillmore, Charles J and Johnson, Christopher R and Petruck, Miriam RL},
  journal={International Journal of Lexicography},
  volume={16},
  number={3},
  pages={235--250},
  year={2003},
}

@article{declarativeBPM15,
  title={Declarative business process modelling: principles and modelling languages},
  author={Goedertier, Stijn and Vanthienen, Jan and Caron, Filip},
  journal={Enterprise Information Systems},
  volume={9},
  number={2},
  pages={161--185},
  year={2015},
}

@article{planDagstuhl11,
  title={Plan Recognition (Dagstuhl Seminar 11141).},
  author={Goldman, Robert P and Geib, Christopher W and Kautz, Henry A and Asfour, Tamim},
  journal={Dagstuhl Reports},
  volume={1},
  number={4},
  pages={1--22},
  year={2011}
}



@article{lifelogging,
  title={Lifelogging: Personal big data},
  author={Gurrin, Cathal and Smeaton, Alan F and Doherty, Aiden R},
  journal={Foundations and Trends in Information Retrieval},
  volume={8},
  number={1},
  pages={1--125},
  year={2014}
 }

@article{rodriguez2014survey,
  title={A survey on ontologies for human behavior recognition},
  author={Rodr{\'\i}guez, Natalia D{\'\i}az and Cu{\'e}llar, Manuel P and Lilius, Johan and Calvo-Flores, Miguel Delgado},
  journal={ACM Computing Surveys (CSUR)},
  volume={46},
  number={4},
  pages={43},
  year={2014},
  publisher={ACM}
}

@inproceedings{jurafsky,
	author = {Chambers, Nathanael and Jurafsky, Dan},
	title = {Unsupervised Learning of Narrative Schemas and Their Participants},
	booktitle = {ACL '09},
	year = {2009},
	pages = {602--610}
} 
  

@inproceedings{TandonEtAl2015Knowlywood,
	title = {Knowlywood: Mining Activity Knowledge from {Hollywood} Narratives},
	author = {Tandon, Niket and {de Melo}, Gerard and De, Abir and Weikum, Gerhard},
	booktitle = {Proceedings of CIKM 2015},
	year = {2015},
	eventdate = {2015-10-19/23},
	location = {Melbourne, Australia},
}
@incollection{speer2013conceptnet,
	Author = {Speer, Robert and Havasi, Catherine},
	Booktitle = {The People's Web Meets NLP},
	Pages = {161--176},
	Publisher = {Springer},
	Title = {ConceptNet 5: A large semantic network for relational knowledge},
	Year = {2013}}

@inproceedings{Regneri2010,
	author    = {Michaela Regneri and
	Alexander Koller and
	Manfred Pinkal},
	title     = {Learning Script Knowledge with Web Experiments},
	booktitle = {ACL},
	year      = {2010},
}

@article{PIM-book,
  title={Personal information management},
  author={Jones, William},
  journal={Annual review of information science and technology},
  volume={41},
  pages={453--504},
  year={2007},
}


@book{CohenConway,
  title={Memory in the Real World},
  author={Cohen, Gillian and Conway, Martin A},
  year={2007},
  publisher={Psychology Press}
}

@incollection{WilliamsConwayCohen,
  title={Autobiographical memory},
  author={Williams, Helen L and Conway, Martin A and Cohen, Gillian},
  editor={Cohen, Gillian and Conway, Martin A},
  booktitle={Memory in The Real World},
  chapter={3},
  pages={21--90},
  year={2008},
    publisher={Psychology Press}
}

@techreport{hendler-nau-tr,
  title={Semantics for hierarchical task-network planning},
  author={Erol, Kutluhan and Hendler, James A and Nau, Dana S},
  year={1995},
  institution={University of Maryland},
  number={9-95}
}

@inproceedings{erol1994htn,
  title={HTN planning: Complexity and expressivity},
  author={Erol, Kutluhan and Hendler, James and Nau, Dana S},
  booktitle={AAAI},
  volume={94},
  pages={1123--1128},
  year={1994}
}


@article{geibGoldman,
  title={A probabilistic plan recognition algorithm based on plan tree grammars},
  author={Geib, Christopher W and Goldman, Robert P},
  journal={Artificial Intelligence},
  volume={173},
  number={11},
  pages={1101--1132},
  year={2009},
  publisher={Elsevier}
}

@inproceedings{geib-complexity,
  title={Assessing the complexity of plan recognition},
  author={Geib, Christopher W},
  booktitle={AAAI},
  pages={507--512},
  year={2004}
}

@inproceedings{geib,
  title={Partial observability and probabilistic plan/goal recognition},
  author={Geib, Christopher W and Goldman, Robert P},
  booktitle={Proc. International Workshop on Modeling Other Agents from Observations (MOO-05)},
  volume={8},
  year={2005}
}

@inproceedings{geib.yappr,
  title={A New Probabilistic Plan Recognition Algorithm Based on String Rewriting},
  author={Geib, Christopher W and Maraist, John and Goldman, Robert P},
  booktitle={ICAPS},
  pages={91--98},
  year={2008}
}

@book{DL,
  title={The Description Logic Handbook: Theory, Implementations and Applications},
  author={Baader, Franz and Calvanese, Diego and McGuinness, Deborah and Nardi, Daniele and Patel-Schneider, Peter},
  publisher={Cambridge U. Press},
  year={2003}
}

@book{BuiBook,
  title={Plan, Activity, and Intent Recognition: Theory and Practice},
  author={Sukthankar, Gita and Geib, Christopher and Bui, Hung Hai and Pynadath, David and Goldman, Robert P},
  year={2014},
  publisher={Morgan Kaufmann}
}


@book{nau-traverso-book,
  author    = {Malik Ghallab and
               Dana S. Nau and
               Paolo Traverso},
  title     = {Automated Planning and Acting},
  publisher = {Cambridge University Press},
  year      = {2016},
  }
 

@article{stockmeyerInterleave,
  title={The complexity of word problems-this time with interleaving},
  author={Mayer, Alain J and Stockmeyer, Larry J},
  journal={Information and Computation},
  volume={115},
  number={2},
  pages={293--311},
  year={1994},
  publisher={Elsevier}
}

@article{shuffle-in-P,
  title={Shuffle languages are in P},
  author={Jedrzejowicz, Joanna and Szepietowski, Andrzej},
  journal={Theoretical Computer Science},
  volume={250},
  number={1-2},
  pages={31--53},
  year={2001},
  publisher={Elsevier}
}


@inproceedings{bikakis2007survey,
  title={A survey of semantics-based approaches for context reasoning in ambient intelligence},
  author={Bikakis, Antonis and Patkos, Theodore and Antoniou, Grigoris and Plexousakis, Dimitris},
  booktitle={European Conference on Ambient Intelligence},
  pages={14--23},
  year={2007},
  organization={Springer}
}


@inproceedings{chi-context,
  author    = {David R. Morse and
               Stephen Armstrong and
               Anind K. Dey},
  title     = {The what, who, where, when, why and how of context-awareness},
  booktitle = {{CHI} '00 Extended Abstracts on Human Factors in Computing Systems,
               {CHI} 
               2000},
  pages     = {371},
  year      = {2000},
  }

@article{alevizos2017probabilistic,
  title={Probabilistic Complex Event Recognition: A Survey},
  author={Alevizos, Elias and Skarlatidis, Anastasios and Artikis, Alexander and Paliouras, George},
  journal={arXiv preprint arXiv:1702.06379},
  year={2017}
}

@inproceedings{stuck-probabilistic,
  title={A probabilistic ontological framework for the recognition of multilevel human activities},
  author={Helaoui, Rim and Riboni, Daniele and Stuckenschmidt, Heiner},
  booktitle={Int. Joint Conference on Pervasive and Ubiquitous Computing},
  pages={345--354},
  year={2013},
  organization={ACM}
}


@inproceedings{meditskos-redef,
  title={ReDef: Context-aware Recognition of Interleaved Activities using OWL 2 and Defeasible Reasoning.},
  author={Meditskos, Georgios and Kontopoulos, Efstratios and Kompatsiaris, Ioannis},
  booktitle={First Joint Int. Workshop on
Semantic Sensor Networks and
Terra Cognita, at ISWC 2015},
  pages={31--42},
  year={2015}
}

 @article{meditskos-metaq,
  title={MetaQ: A knowledge-driven framework for context-aware activity recognition combining SPARQL and OWL 2 activity patterns},
  author={Meditskos, Georgios and Dasiopoulou, Stamatia and Kompatsiaris, Ioannis},
  journal={Pervasive and Mobile Computing},
  volume={25},
  pages={104--124},
  year={2016},
  publisher={Elsevier}
}

@article{umlDL,
  author={Berardi, Daniela and Calvanese, Diego and De Giacomo, Giuseppe},
title = "Reasoning on UML class diagrams",
journal = "Artificial Intelligence",
volume = "168",
number = "1",
pages = "70 - 118",
year = "2005",
}

@article{shafer,
  title={The combination of evidence},
  author={Shafer, Glenn},
  journal={International Journal of Intelligent Systems},
  volume={1},
  number={3},
  pages={155--179},
  year={1986},
  publisher={Wiley Online Library}
}


@inproceedings{ontopim,
  author    = {Vivi Katifori and
               Antonella Poggi and
               Monica Scannapieco and
               Tiziana Catarci and
               Yannis E. Ioannidis},
  title     = {OntoPIM: how to rely on a personal ontology for Personal Information
               Management},
  booktitle = {ISWC Wkshop.  on The Semantic Desktop},
    pages={258--262}, 
    year      = {2005}
 }

@inproceedings{timelinebuilder,
  author       = {Wang{-}Chiew Tan and
                  Jane Dwivedi{-}Yu and
                  Yuliang Li and
                  Lambert Mathias and
                  Marzieh Saeidi and
                  Jing Nathan Yan and
                  Alon Y. Halevy},
  editor       = {Anna Rogers and
                  Jordan L. Boyd{-}Graber and
                  Naoaki Okazaki},
  title        = {TimelineQA: {A} Benchmark for Question Answering over Timelines},
  booktitle    = {Findings of the Association for Computational Linguistics: {ACL} 2023,
                  Toronto, Canada, July 9-14, 2023},
  pages        = {77--91},
  publisher    = {Association for Computational Linguistics},
  year         = {2023},
  url          = {https://doi.org/10.18653/v1/2023.findings-acl.6},
  doi          = {10.18653/V1/2023.FINDINGS-ACL.6},
  timestamp    = {Thu, 10 Aug 2023 12:35:56 +0200},
  biburl       = {https://dblp.org/rec/conf/acl/TanD0MSYH23.bib},
  bibsource    = {dblp computer science bibliography, https://dblp.org}
}

 @article{yawl2005,
  author    = {Wil M. P. van der Aalst and
               Arthur H. M. ter Hofstede},
  title     = {{YAWL:} yet another workflow language},
  journal   = {Inf. Syst.},
  volume    = {30},
  number    = {4},
  pages     = {245--275},
  year      = {2005},
  url       = {http://dx.doi.org/10.1016/j.is.2004.02.002},
  doi       = {10.1016/j.is.2004.02.002},
  timestamp = {Mon, 21 Feb 2005 14:30:20 +0100},
  biburl    = {http://dblp.uni-trier.de/rec/bib/journals/is/AalstH05},
  bibsource = {dblp computer science bibliography, http://dblp.org}
}


@inproceedings{kalokyri2022supporting,
  title={Supporting human memory by reconstructing personal episodic narratives from digital traces},
  author={Kalokyri, Varvara and Borgida, Alexander and Marian, Amelie},
  booktitle={Proceedings of the International AAAI Conference on Web and Social Media},
  volume={16},
  pages={453--464},
  year={2022}
}

@book{schacter2002seven,
  title={The seven sins of memory: How the mind forgets and remembers},
  author={Schacter, Daniel L},
  year={2002},
  publisher={HMH}
}

@article{jones2007personal,
  title={Personal information management},
  author={Jones, William},
  journal={Annual review of information science and technology},
  volume={41},
  pages={453--504},
  year={2007},
  publisher={Wiley Online Library}
}

@article{williams2008autobiographical,
  title={Autobiographical memory},
  author={Williams, Helen L and Conway, Martin A and Cohen, Gillian},
  journal={Memory in the real world},
  volume={3},
  pages={21--90},
  year={2008}
}



@inproceedings{naeem2007recognising,
  title={Recognising activities of daily life using hierarchical plans},
  author={Naeem, Usman and Bigham, John and Wang, Jinfu},
  booktitle={European Conference on Smart Sensing and Context},
  pages={175--189},
  year={2007},
  organization={Springer}
}

 @misc{acl_commonsense,
  title={ACL 2020 Commonsense Tutorial (T6)},
  author={Sap, Maarten},
  year={2020},
  howpublished = {\url{https://tinyurl.com/acl2020-commonsense}},
  journal={ACL 2020 Commonsense Tutorial},
  note = {Accessed: 2022-04-11}

 } 
 
 @phdthesis{wanzare2020script,
  title={Script acquisition: a crowdsourcing and text mining approach},
  author={Wanzare, Lilian Diana Awuor},
  year={2020},
  school={Saarl{\"a}nd}
  }
  
  @inproceedings{wanzare2016crowdsourced,
    title = "A Crowdsourced Database of Event Sequence Descriptions for the Acquisition of High-quality Script Knowledge",
    author = "Wanzare, Lilian D. A.  and
      Zarcone, Alessandra  and
      Thater, Stefan  and
      Pinkal, Manfred",
    booktitle = "Proceedings of the Tenth International Conference on Language Resources and Evaluation ({LREC}'16)",
    year = "2016",
    publisher = "European Language Resources Association (ELRA)",
    pages = "3494--3501",
}
  

@inproceedings{borgidaai4bpm,
  title={Description Logics and Specialization for Structured BPMN},
  author={Borgida, Alexander and Kalokyri, Varvara and Marian, Am{\'e}lie},
  booktitle={Int. Conf. on Business Process Management},
  pages={19--31},
  year={2019},
  organization={Springer}
}

@inproceedings{kalnikaite2010now,
  title={Now let me see where i was: understanding how lifelogs mediate memory},
  author={Kalnikaite, Vaiva and Sellen, Abigail and Whittaker, Steve and Kirk, David},
  booktitle={Human Factors in Computing},
  pages={2045--2054},
  year={2010}
}

@article{meditskos2018multi,
  title={Multi-modal activity recognition from egocentric vision, semantic enrichment and lifelogging applications for the care of dementia},
  author={Meditskos, Georgios and Plans, Pierre-Marie and Stavropoulos, Thanos G and Benois-Pineau, Jenny and Buso, Vincent and Kompatsiaris, Ioannis},
  journal={Visual Commun. and Image Representation},
  volume={51},
  pages={169--190},
  year={2018},
}