@article{DBLP:journals/pami/MalkovY20,
	author    = {Yury A. Malkov and
	Dmitry A. Yashunin},
	title     = {Efficient and Robust Approximate Nearest Neighbor Search Using Hierarchical
	Navigable Small World Graphs},
	journal   = {{IEEE} Trans. Pattern Anal. Mach. Intell.},
	volume    = {42},
	number    = {4},
	pages     = {824--836},
	year      = {2020}
}

@article{DBLP:journals/pvldb/FuXWC19,
	author    = {Cong Fu and
	Chao Xiang and
	Changxu Wang and
	Deng Cai},
	title     = {Fast Approximate Nearest Neighbor Search With The Navigating Spreading-out
	Graph},
	journal   = {{PVLDB}},
	volume    = {12},
	number    = {5},
	pages     = {461--474},
	year      = {2019}
}

@article{DBLP:journals/pr/MunozGDT19,
	author    = {Javier Alvaro Vargas Mu{\~{n}}oz and
	Marcos Andr{\'{e}} Gon{\c{c}}alves and
	Zanoni Dias and
	Ricardo da Silva Torres},
	title     = {Hierarchical Clustering-Based Graphs for Large Scale Approximate Nearest
	Neighbor Search},
	journal   = {Pattern Recognit.},
	volume    = {96},
	year      = {2019}
}

@article{DBLP:journals/pvldb/WangXY021,
	author    = {Mengzhao Wang and
	Xiaoliang Xu and
	Qiang Yue and
	Yuxiang Wang},
	title     = {A Comprehensive Survey and Experimental Comparison of Graph-Based
	Approximate Nearest Neighbor Search},
	journal   = {{PVLDB}},
	volume    = {14},
	number    = {11},
	pages     = {1964--1978},
	year      = {2021}
}

@inproceedings{DBLP:conf/wims/BraticHKOR18,
	author    = {Brankica Bratic and
	Michael E. Houle and
	Vladimir Kurbalija and
	Vincent Oria and
	Milos Radovanovic},
	title     = {NN-Descent on High-Dimensional Data},
	booktitle = {{WIMS}},
	pages     = {20:1--20:8},
	year      = {2018}
}

@article{DBLP:journals/corr/abs-1804-03032,
	author    = {Wan{-}Lei Zhao},
	title     = {k-NN Graph Construction: a Generic Online Approach},
	journal   = {CoRR},
	volume    = {abs/1804.03032},
	year      = {2018}
}

@article{DBLP:journals/corr/abs-1908-00814,
	author    = {Peng{-}Cheng Lin and
	Wan{-}Lei Zhao},
	title     = {On the Merge of k-NN Graph},
	journal   = {CoRR},
	volume    = {abs/1908.00814},
	year      = {2019}
}

@article{DBLP:journals/dam/JaromczykK91,
	author    = {Jerzy W. Jaromczyk and
	Miroslaw Kowaluk},
	title     = {Constructing the relative neighborhood graph in 3-dimensional Euclidean
	space},
	journal   = {Discret. Appl. Math.},
	volume    = {31},
	number    = {2},
	pages     = {181--191},
	year      = {1991}
}

@article{DBLP:journals/corr/FuC16,
	author    = {Cong Fu and
	Deng Cai},
	title     = {{EFANNA} : An Extremely Fast Approximate Nearest Neighbor Search Algorithm
	Based on kNN Graph},
	journal   = {CoRR},
	volume    = {abs/1609.07228},
	year      = {2016}
}

@article{DBLP:journals/pvldb/ZhaoTHZZ23,
	author       = {Xi Zhao and
	Yao Tian and
	Kai Huang and
	Bolong Zheng and
	Xiaofang Zhou},
	title        = {Towards Efficient Index Construction and Approximate Nearest Neighbor
	Search in High-Dimensional Spaces},
	journal      = {Proc. {VLDB} Endow.},
	volume       = {16},
	number       = {8},
	pages        = {1979--1991},
	year         = {2023}
}

@online{nmslib,
	author ={NMSLib},
	title ={Available at:},
	url ={https://github.com/nmslib/nmslib},
	year = {2023},
}

@online{faiss,
	author ={Faiss},
	title ={Available at:},
	url ={https://github.com/facebookresearch/faiss},
	year = {2023},
}

@inproceedings{DBLP:conf/icde/ZhaoTL20,
	author       = {Weijie Zhao and
	Shulong Tan and
	Ping Li},
	title        = {{SONG:} Approximate Nearest Neighbor Search on {GPU}},
	booktitle    = {{ICDE}},
	pages        = {1033--1044},
	publisher    = {{IEEE}},
	year         = {2020}
}

@article{DBLP:journals/tbd/GrohRWL23,
	author       = {Fabian Groh and
	Lukas Ruppert and
	Patrick Wieschollek and
	Hendrik P. A. Lensch},
	title        = {{GGNN:} Graph-Based {GPU} Nearest Neighbor Search},
	journal      = {{IEEE} Trans. Big Data},
	volume       = {9},
	number       = {1},
	pages        = {267--279},
	year         = {2023}
}

@article{DBLP:journals/corr/abs-2105-09613,
  author       = {Aditi Singh and
                  Suhas Jayaram Subramanya and
                  Ravishankar Krishnaswamy and
                  Harsha Vardhan Simhadri},
  title        = {FreshDiskANN: {A} Fast and Accurate Graph-Based {ANN} Index for Streaming
                  Similarity Search},
  journal      = {CoRR},
  volume       = {abs/2105.09613},
  year         = {2021}
}

@inproceedings{NEURIPS2019_09853c7f,
	author = {Jayaram Subramanya, Suhas and Devvrit, Fnu and Simhadri, Harsha Vardhan and Krishnawamy, Ravishankar and Kadekodi, Rohan},
	booktitle = {Advances in Neural Information Processing Systems},
	publisher = {Curran Associates, Inc.},
	title = {DiskANN: Fast Accurate Billion-point Nearest Neighbor Search on a Single Node},
	volume = {32},
	year = {2019}
}

@inproceedings{DBLP:conf/usenix/JangCBLKJ23,
	author       = {Junhyeok Jang and
	Hanjin Choi and
	Hanyeoreum Bae and
	Seungjun Lee and
	Miryeong Kwon and
	Myoungsoo Jung},
	title        = {{CXL-ANNS:} Software-Hardware Collaborative Memory Disaggregation
	and Computation for Billion-Scale Approximate Nearest Neighbor Search},
	booktitle    = {{USENIX} Annual Technical Conference},
	pages        = {585--600},
	publisher    = {{USENIX} Association},
	year         = {2023}
}

@article{DBLP:journals/corr/abs-2306-11182,
	author       = {Wenqi Jiang and
	Shigang Li and
	Yu Zhu and
	Johannes de Fine Licht and
	Zhenhao He and
	Runbin Shi and
	C{\'{e}}dric Renggli and
	Shuai Zhang and
	Theodoros Rekatsinas and
	Torsten Hoefler and
	Gustavo Alonso},
	title        = {Co-design Hardware and Algorithm for Vector Search},
	journal      = {CoRR},
	volume       = {abs/2306.11182},
	year         = {2023}
}

@article{DBLP:journals/tbd/JohnsonDJ21,
	author       = {Jeff Johnson and
	Matthijs Douze and
	Herv{\'{e}} J{\'{e}}gou},
	title        = {Billion-Scale Similarity Search with GPUs},
	journal      = {{IEEE} Trans. Big Data},
	volume       = {7},
	number       = {3},
	pages        = {535--547},
	year         = {2021}
}

@article{DBLP:journals/jcisd/TingleTCGKDMI23,
	author       = {Benjamin I. Tingle and
	Khanh G. Tang and
	Mar Castanon and
	John J. Gutierrez and
	Munkhzul Khurelbaatar and
	Chinzorig Dandarchuluun and
	Yurii S. Moroz and
	John J. Irwin},
	title        = {ZINC-22--A Free Multi-Billion-Scale Database of Tangible
	Compounds for Ligand Discovery},
	journal      = {J. Chem. Inf. Model.},
	volume       = {63},
	number       = {4},
	pages        = {1166--1176},
	year         = {2023}
}

@inproceedings{DBLP:conf/cidr/CherniackBBCCXZ03,
	author       = {Mitch Cherniack and
	Hari Balakrishnan and
	Magdalena Balazinska and
	Donald Carney and
	Ugur {\c{C}}etintemel and
	Ying Xing and
	Stanley B. Zdonik},
	title        = {Scalable Distributed Stream Processing},
	booktitle    = {{CIDR}},
	year         = {2003}
}

@article{DBLP:journals/access/YangZCY19,
	author       = {Min Yang and
	Yixuan Zuo and
	Meng Chen and
	Xiaohui Yu},
	title        = {Scalable Distributed kNN Processing on Clustered Data Streams},
	journal      = {{IEEE} Access},
	volume       = {7},
	pages        = {103198--103208},
	year         = {2019}
}

@inproceedings{DBLP:conf/trustcom/GheidC16,
	author       = {Zakaria Gheid and
	Yacine Challal},
	title        = {Efficient and Privacy-Preserving k-Means Clustering for Big Data Mining},
	booktitle    = {Trustcom/BigDataSE/ISPA},
	pages        = {791--798},
	publisher    = {{IEEE}},
	year         = {2016}
}

@inproceedings{DBLP:conf/ccs/WangLWTZ09,
	author       = {Rui Wang and
	Yong Fuga Li and
	XiaoFeng Wang and
	Haixu Tang and
	Xiao{-}yong Zhou},
	title        = {Learning your identity and disease from research papers: information
	leaks in genome wide association study},
	booktitle    = {{CCS}},
	pages        = {534--544},
	publisher    = {{ACM}},
	year         = {2009}
}

@INPROCEEDINGS{8355379,
	author={Irmak, Erdal and Erkek, Ismail},
	booktitle={2018 6th International Symposium on Digital Forensic and Security (ISDFS)}, 
	title={An overview of cyber-attack vectors on SCADA systems}, 
	year={2018},
	pages={1-5},
	doi={10.1109/ISDFS.2018.8355379}
}

@article{DBLP:journals/corr/abs-2205-10364,
	author       = {Simin Chen and
	Hamed Khanpour and
	Cong Liu and
	Wei Yang},
	title        = {Learning to Reverse DNNs from {AI} Programs Automatically},
	journal      = {CoRR},
	volume       = {abs/2205.10364},
	year         = {2022}
}


