@comment{x-kbibtex-personnameformatting=<%l><, %f>}

@inproceedings{NEURIPS2019_diskann,
     author = {Jayaram Subramanya, Suhas and Devvrit, Fnu and Simhadri, Harsha Vardhan and Krishnawamy, Ravishankar and Kadekodi, Rohan},
     booktitle = {Advances in Neural Information Processing Systems},
     editor = {H. Wallach and H. Larochelle and A. Beygelzimer and F. d\textquotesingle Alch\'{e}-Buc and E. Fox and R. Garnett},
     pages = {},
     publisher = {Curran Associates, Inc.},
     title = {DiskANN: Fast Accurate Billion-point Nearest Neighbor Search on a Single Node},
     url = {https://proceedings.neurips.cc/paper_files/paper/2019/file/09853c7fb1d3f8ee67a61b6bf4a7f8e6-Paper.pdf},
     volume = {32},
     year = {2019}
}


@inproceedings{DBLP:conf/hotcloud/ZahariaCFSS10,
	author = "Zaharia, Matei and Chowdhury, Mosharaf and Franklin, Michael J. and Shenker, Scott and Stoica, Ion",
	booktitle = "{HotCloud}",
	editor = "Nahum, Erich M. and Xu, Dongyan",
	publisher = "{USENIX}",
	title = "{Spark: Cluster Computing with Working Sets}",
	year = "2010"
}

@inproceedings{gedik2008spade,
  title={SPADE: the system s declarative stream processing engine},
  author={Gedik, Bugra and Andrade, Henrique and Wu, Kun-Lung and Yu, Philip S and Doo, Myungcheol},
  booktitle={Proceedings of the 2008 ACM SIGMOD},
  pages={1123--1134},
  year={2008},
  organization={ACM}
}

@book{marz2015big,
  title={Big Data: Principles and best practices of scalable realtime data systems},
  author={Marz, Nathan and Warren, James},
  year={2015},
  publisher={Manning Publications Co.}
}

@inproceedings{Zaharia:2013:DSF:2517349.2522737,
 author = {Zaharia, Matei and Das, Tathagata and Li, Haoyuan and Hunter, Timothy and Shenker, Scott and Stoica, Ion},
 title = {Discretized Streams: Fault-tolerant Streaming Computation at Scale},
 booktitle = {Proceedings of the Twenty-Fourth ACM Symposium on Operating Systems Principles},
 series = {SOSP '13},
 year = {2013},
 isbn = {978-1-4503-2388-8},
 location = {Farminton, Pennsylvania},
 pages = {423--438},
 numpages = {16},
 url = {http://doi.acm.org/10.1145/2517349.2522737},
 doi = {10.1145/2517349.2522737},
 acmid = {2522737},
 publisher = {ACM},
 address = {New York, NY, USA},
}

@article{DBLP:journals/cacm/DeanG08,
	author = "Dean et al., Jeffrey",
	bibsource = "dblp computer science bibliography, http://dblp.org",
	journal = "Commun. {ACM}",
	title = "{MapReduce: simplified data processing on large clusters}",
	year = "2008"
}

@article{DBLP:journals/pvldb/BeyerEGBEKOS11,
	author = "Beyer, Kevin S. and Ercegovac, Vuk and Gemulla, Rainer and Balmin, Andrey and Eltabakh, Mohamed Y. and Kanne, Carl{-}Christian and {\"O}zcan, Fatma and Shekita, Eugene J.",
	journal = "{PVLDB}",
	title = "{Jaql: {A} Scripting Language for Large Scale Semistructured Data Analysis}",
	year = "2011"
}

@article{blackBoxes,
  title={{Opening the Black Boxes in Data Flow Optimization}},
  author={Hueske, Fabian and Peters, Mathias and Sax, Matthias J and Rheinl{\"a}nder, Astrid and Bergmann, Rico and Krettek, Aljoscha and Tzoumas, Kostas},
  journal={PVLDB},
  volume={5},
  number={11},
  year={2012},
  publisher={VLDB Endowment}
}

@article{DBLP:journals/pvldb/ChaikenJLRSWZ08,
	author = "Chaiken, Ronnie and Jenkins, Bob and Larson, Per{-}{\AA}ke and Ramsey, Bill and Shakib, Darren and Weaver, Simon and Zhou, Jingren",
	journal = "{PVLDB}",
	title = "{{SCOPE:} easy and efficient parallel processing of massive data sets}",
	year = "2008"
}

@inproceedings{DBLP:conf/cloud/BattreEHKMW10,
	author = "Battr{\'e}, Dominic and Ewen, Stephan and Hueske, Fabian and Kao, Odej and Markl, Volker and Warneke, Daniel",
	booktitle = "{ACM SoCC}",
	title = "{Nephele/PACTs: a programming model and execution framework for web-scale analytical processing}",
	year = "2010"
}

@article{DBLP:journals/pvldb/BuHBE10,
	author = "Bu, Yingyi and Howe, Bill and Balazinska, Magdalena and Ernst, Michael D.",
	journal = "{PVLDB}",
	title = "{HaLoop: Efficient Iterative Data Processing on Large Clusters}",
	year = "2010"
}

@misc{CUSTOM:web/Cascading,
	title = "{Cascading Project}",
  howpublished={\url{http://www.cascading.org/}}
}

@misc{CUSTOM:web/Apache,
	title = "{Apache Software Foundation}",
  howpublished={\url{http://www.apache.org/}}
}

@misc{CUSTOM:web/Kafka,
	title = "{Apache Kafka project}",
  howpublished={\url{http://kafka.apache.org/}}
}

@misc{CUSTOM:web/Storm,
	title = "{Apache Storm project}",
  howpublished={\url{http://storm.apache.org/}}
}

@misc{CUSTOM:web/Samza,
	title = "{Apache Samza project}",
  howpublished={\url{http://samza.apache.org/}}
}

@misc{CUSTOM:web/Hadoop,
	title = "{Apache Hadoop project}",
  howpublished={\url{https://hadoop.apache.org/}}
}

@misc{CUSTOM:web/Drill,
	title = "{Apache Drill project}",
  howpublished={\url{https://drill.apache.org/}}
}

@misc{CUSTOM:web/Tez,
	title = "{Apache Tez project}",
  howpublished={\url{https://tez.apache.org/}}
}

@misc{CUSTOM:web/Spark,
	title = "{Apache Spark project}",
  howpublished={\url{http://spark.apache.org/}}
}

@misc{CUSTOM:scala/spec,
  title = "Scala Language Reference",
  howpublished={\url{http://www.scala-lang.org/files/archive/spec/2.11/}}
}

@misc{scalding,
  title = "{Scalding Project}",
  howpublished={\url{http://github.com/twitter/scalding}}
}

@misc{scoobi,
title = "{Scoobi Project}",
howpublished={\url{http://github.com/nicta/scoobi}},
}

@misc{streambase2006streambase,
  title={Streambase: Real-time, low latency data processing with a stream processing engine},
  author={StreamBase, I},
  year={2006}
}


@article{DBLP:journals/pvldb/EwenTKM12,
	author = "Ewen, Stephan and Tzoumas, Kostas and Kaufmann, Moritz and Markl, Volker",
	journal = "{PVLDB}",
	title = "{Spinning Fast Iterative Data Flows}",
	year = "2012"
}

@book{Bird1997,
	added-at = "2008-06-13T00:37:05.000+0200",
	author = "Bird, Richard and de Moor, Oege",
	publisher = "Prentice Hall",
	title = "{The Algebra of Programming}",
	year = 1997
}

@inproceedings{DBLP:conf/sigmod/CheungMS14,
	author = "Cheung, Alvin and Madden, Samuel and Solar{-}Lezama, Armando",
	booktitle = "{ACM SIGMOD}",
	editor = "Dyreson, Curtis E. and Li, Feifei and {\"O}zsu, M. Tamer",
	title = "{Sloth: being lazy is a virtue (when issuing database queries)}",
	year = "2014"
}

@article{DBLP:journals/mscs/Wadler92,
  author    = {Philip Wadler},
  title     = {Comprehending Monads},
  journal   = {Mathematical Structures in Computer Science},
  year      = {1992},
}

@article{DBLP:journals/sigmod/BunemanLSTW94,
	author = "Buneman, Peter and Libkin, Leonid and Suciu, Dan and Tannen, Val and Wong, Limsoon",
	journal = "{SIGMOD} Record",
	title = "{Comprehension Syntax}",
	year = "1994"
}

@article{DBLP:journals/tcs/BunemanNTW95,
  author    = {Peter Buneman and
               Shamim A. Naqvi and
               Val Tannen and
               Limsoon Wong},
  title     = {Principles of Programming with Complex Objects and Collection Types},
  journal   = {Theor. Comput. Sci.},
  year      = {1995}
}

@article{DBLP:journals/jiis/GrustS99,
  author    = {Torsten Grust and
               Marc H. Scholl},
  title     = {How to Comprehend Queries Functionally},
  journal   = {J. Intell. Inf. Syst.},
  year      = {1999},
}

@phdthesis{DBLP:books/daglib/0008584,
  author    = {Torsten Grust},
  title     = {Comprehending Queries (PhD Thesis)},
  year      = {1999},
  school    = {Universit{\"{a}}t Konstanz},
}

@article{lambek1968fixpoint,
  title={A fixpoint theorem for complete categories},
  author={Lambek, Joachim},
  journal={Mathematische Zeitschrift},
  year={1968},
  publisher={Springer}
}

@book{ehrig2011fundamentals,
  title={Fundamentals of algebraic specification 1: Equations and initial semantics},
  author={Ehrig, Hartmut and Mahr, Bernd},
  year={2011},
  publisher={Springer Publishing Company, Incorporated}
}

@inproceedings{periscope,
  title={Spotting Code Optimizations in Data-Parallel Pipelines through PeriSCOPE.},
  author={Guo, Zhenyu and Fan, Xuepeng and Chen, Rishan and Zhang, Jiaxing and Zhou, Hucheng and McDirmid, Sean and Liu, Chang and Lin, Wei and Zhou, Jingren and Zhou, Lidong},
  booktitle={OSDI},
  pages={121--133},
  year={2012}
}

@inproceedings{burmako2013scala,
  title={Scala macros: let our powers combine!: on how rich syntax and static types work with metaprogramming},
  author={Burmako, Eugene},
  booktitle={Proceedings of the 4th Workshop on Scala},
  pages={3},
  year={2013},
  organization={ACM}
}

@inproceedings{delite,
  title={A domain-specific approach to heterogeneous parallelism},
  author={Chafi, Hassan and Sujeeth, Arvind K and Brown, Kevin J and Lee, HyoukJoong and Atreya, Anand R and Olukotun, Kunle},
  booktitle={ACM SIGPLAN Notices},
  year={2011}
}

@inproceedings{ferry,
  title={Ferry: Database-supported program execution},
  author={Grust, Torsten and Mayr, Manuel and Rittinger, Jan and Schreiber, Tom},
  booktitle={SIGMOD},
  year={2009},
  organization={ACM}
}

@inproceedings{jet,
  title={Jet: An embedded DSL for high performance big data processing},
  author={Ackermann, Stefan and Jovanovic, Vojin and Rompf, Tiark and Odersky, Martin},
  booktitle={BigData},
  year={2012}
}

@inproceedings{lms,
  title={Lightweight modular staging: a pragmatic approach to runtime code generation and compiled DSLs},
  author={Rompf, Tiark and Odersky, Martin},
  booktitle={Acm Sigplan Notices},
  year={2010},
  organization={ACM}
}

@inproceedings{piglatin,
 author = {Olston, Christopher and Reed, Benjamin and Srivastava, Utkarsh and Kumar, Ravi and Tomkins, Andrew},
 title = {Pig Latin: A Not-so-foreign Language for Data Processing},
 booktitle = {Proceedings of the 2008 ACM SIGMOD},
 series = {ACM SIGMOD},
 year = {2008}
}

@book{DBLP:books/aw/AhoSU86,
  author    = {Alfred V. Aho and
               Ravi Sethi and
               Jeffrey D. Ullman},
  title     = {Compilers: Princiles, Techniques, and Tools},
  year      = {1986},
  publisher = {Addison-Wesley},
} 

@inproceedings{dryadlinq,
  title={DryadLINQ: A System for General-Purpose Distributed Data-Parallel Computing Using a High-Level Language.},
  author={Yu, Yuan and Isard, Michael and Fetterly, Dennis and Budiu, Mihai and Erlingsson, {\'U}lfar and Gunda, Pradeep Kumar and Currey, Jon},
  booktitle={OSDI},
  year={2008}
}

@article{rlanguage,
  title={R: a language for data analysis and graphics},
  author={Ihaka, Ross and Gentleman, Robert},
  journal={Journal of Computational and Graphical Statistics},
  year={1996}
}

@misc{xquery,
  title={XQuery 1.0: An XML query language},
  author={Boag, Scott and Chamberlin, Don and Fern{\'a}ndez, Mary F and Florescu, Daniela and Robie, Jonathan and Sim{\'e}on, J{\'e}r{\^o}me and Stefanescu, Mugur},
  journal={W3C},
  year={2002}
}

@article{hive,
  title={Hive: a warehousing solution over a map-reduce framework},
  author={Thusoo, Ashish and Sarma, Joydeep Sen and Jain, Namit and Shao, Zheng and Chakka, Prasad and Anthony, Suresh and Liu, Hao and Wyckoff, Pete and Murthy, Raghotham},
  journal={VLDB},
  year={2009}
}

@inproceedings{linq,
  title={Linq: reconciling object, relations and xml in the. net framework},
  author={Meijer, Erik and Beckman, Brian and Bierman, Gavin},
  booktitle={ACM SIGMOD},
  year={2006}
}

@inproceedings{groupByChauduri,
  title={Including group-by in query optimization},
  author={Chaudhuri, Surajit and Shim, Kyuseok},
  booktitle={VLDB},
  year={1994}
}

@inproceedings{adtsForLinq,
  title={Algebraic data types for language-integrated queries},
  author={Giorgidze, George and Grust, Torsten and Ulrich, Alexander and Weijers, Jeroen},
  booktitle={Workshop on Data driven functional programming},
  year={2013},
  organization={ACM}
}

@inproceedings{yu2009distributed,
  title={Distributed aggregation for data-parallel computing: interfaces and implementations},
  author={Yu, Yuan and Gunda, Pradeep Kumar and Isard, Michael},
  booktitle={ACM SIGOPS},
  year={2009}
}

@article{graefe1993query,
  title={Query evaluation techniques for large databases},
  author={Graefe, Goetz},
  journal={ACM Computing Surveys},
  year={1993}
}

@article{stratosphere,
  title={The Stratosphere platform for Big Data Analytics},
  author={Alexandrov , Alexander  and Bergmann, Rico  and Ewen, Stephan  and Freytag, Johann-Christoph  and Hueske, Fabian  and Heise, Arvid  and Kao, Odej  and Leich, Marcus  and  Leser, Ulf  and Markl, Volker and Naumann, Felix and Peters, Mathias and Rheinlaender, Astrid  and Sax, Matthias J. and Schelter,Sebastian and  Hoeger, Mareike  and Tzoumas, Kostas and Warneke, Daniel},
  journal={VLDB Journal},
  year={2014}
}

@inproceedings{scopeOptimizer,
  title={Incorporating partitioning and parallel plans into the SCOPE optimizer},
  author={Zhou, Jingren and Larson, P-A and Chaiken, Ronnie},
  booktitle={ICDE},
  year={2010}
}

@INPROCEEDINGS{Meijer91functionalprogramming,
    author = {Erik Meijer and Maarten Fokkinga and Ross Paterson},
    title = {Functional Programming with Bananas, Lenses, Envelopes and Barbed Wire},
    booktitle = {},
    year = {1991},
    pages = {124--144},
    publisher = {Springer-Verlag}
}


@article{kim1982,
  title={On optimizing an SQL-like nested query},
  author={Kim, Won},
  journal={ACM Transactions on Database Systems (TODS)},
  volume={7},
  number={3},
  pages={443--469},
  year={1982},
  publisher={ACM}
}

@article{cha2010measuring,
  title={Measuring User Influence in Twitter: The Million Follower Fallacy.},
  author={Cha, Meeyoung and Haddadi, Hamed and Benevenuto, Fabricio and Gummadi, P Krishna},
  journal={ICWSM},
  year={2010}
}

@inproceedings{DBLP:conf/pldi/MurrayIY11,
  author    = {Derek Gordon Murray and
               Michael Isard and
               Yuan Yu},
  editor    = {Mary W. Hall and
               David A. Padua},
  title     = {Steno: automatic optimization of declarative queries},
  booktitle = {Proceedings of the 32nd {ACM} {SIGPLAN} Conference on Programming
               Language Design and Implementation, {PLDI} 2011, San Jose, CA, USA,
               June 4-8, 2011},
  pages     = {121--131},
  publisher = {{ACM}},
  year      = {2011},
  url       = {http://doi.acm.org/10.1145/1993498.1993513},
  doi       = {10.1145/1993498.1993513},
  timestamp = {Tue, 07 Jun 2011 16:07:38 +0200},
  biburl    = {http://dblp.uni-trier.de/rec/bib/conf/pldi/MurrayIY11},
  bibsource = {dblp computer science bibliography, http://dblp.org}
}

@inproceedings{battre2010nephele,
  title={Nephele/PACTs: a programming model and execution framework for web-scale analytical processing},
  author={Battr{\'e}, Dominic and Ewen, Stephan and Hueske, Fabian and Kao, Odej and Markl, Volker and Warneke, Daniel},
  booktitle={Proceedings of the 1st ACM symposium on Cloud computing},
  pages={119--130},
  year={2010},
  organization={ACM}
}

@article{carbone2015lightweight,
  title={Lightweight Asynchronous Snapshots for Distributed Dataflows},
  author={Carbone, Paris and F{\'o}ra, Gyula and Ewen, Stephan and Haridi, Seif and Tzoumas, Kostas},
  journal={arXiv:1506.08603},
  year={2015}
}

@article{chandy1985distributed,
  title={Distributed snapshots: determining global states of distributed systems},
  author={Chandy, K Mani and Lamport, Leslie},
  journal={ACM Transactions on Computer Systems (TOCS)},
  volume={3},
  number={1},
  pages={63--75},
  year={1985},
  publisher={ACM}
}

@article{akidau2015dataflow,
  title={The dataflow model: a practical approach to balancing correctness, latency, and cost in massive-scale, unbounded, out-of-order data processing},
  author={Akidau, Tyler and Bradshaw, Robert and Chambers, Craig and Chernyak, Slava and Fern{\'a}ndez-Moctezuma, Rafael J and Lax, Reuven and McVeety, Sam and Mills, Daniel and Perry, Frances and Schmidt, Eric and others},
  journal={Proceedings of the VLDB Endowment},
  volume={8},
  number={12},
  pages={1792--1803},
  year={2015},
  publisher={VLDB Endowment}
}

@inproceedings{isard2007dryad,
  title={Dryad: distributed data-parallel programs from sequential building blocks},
  author={Isard, Michael and Budiu, Mihai and Yu, Yuan and Birrell, Andrew and Fetterly, Dennis},
  booktitle={ACM SIGOPS Operating Systems Review},
  volume={41},
  number={3},
  pages={59--72},
  year={2007},
  organization={ACM}
}

@inproceedings{murray2013naiad,
  title={Naiad: a timely dataflow system},
  author={Murray, Derek G and McSherry, Frank and Isaacs, Rebecca and Isard, Michael and Barham, Paul and Abadi, Mart{\'\i}n},
  booktitle={Proceedings of the Twenty-Fourth ACM Symposium on Operating Systems Principles},
  pages={439--455},
  year={2013},
  organization={ACM}
}

@article{low2012distributed,
  title={Distributed GraphLab: a framework for machine learning and data mining in the cloud},
  author={Low, Yucheng and Bickson, Danny and Gonzalez, Joseph and Guestrin, Carlos and Kyrola, Aapo and Hellerstein, Joseph M},
  journal={Proceedings of the VLDB Endowment},
  volume={5},
  number={8},
  pages={716--727},
  year={2012},
  publisher={VLDB Endowment}
}

@inproceedings{abadi2005design,
  title={The Design of the Borealis Stream Processing Engine.},
  author={Abadi, Daniel J and Ahmad, Yanif and Balazinska, Magdalena and Cetintemel, Ugur and Cherniack, Mitch and Hwang, Jeong-Hyon and Lindner, Wolfgang and Maskey, Anurag and Rasin, Alex and Ryvkina, Esther and others},
  booktitle={CIDR},
  volume={5},
  pages={277--289},
  year={2005}
}

@article{arasu2004stream,
  title={Stream: The stanford data stream management system},
  author={Arasu, Arvind and Babcock, Brian and Babu, Shivnath and Cieslewicz, John and Datar, Mayur and Ito, Keith and Motwani, Rajeev and Srivastava, Utkarsh and Widom, Jennifer},
  journal={Book chapter},
  year={2004},
  publisher={Stanford InfoLab}
}

@article{chandramouli2014trill,
  title={Trill: a high-performance incremental query processor for diverse analytics},
  author={Chandramouli, Badrish and Goldstein, Jonathan and Barnett, Mike and DeLine, Robert and Fisher, Danyel and Platt, John C and Terwilliger, James F and Wernsing, John},
  journal={Proceedings of the VLDB Endowment},
  volume={8},
  number={4},
  pages={401--412},
  year={2014},
  publisher={VLDB Endowment}
}

@article{akidau2013millwheel,
  title={MillWheel: fault-tolerant stream processing at internet scale},
  author={Akidau, Tyler and Balikov, Alex and Bekiro{\u{g}}lu, Kaya and Chernyak, Slava and Haberman, Josh and Lax, Reuven and McVeety, Sam and Mills, Daniel and Nordstrom, Paul and Whittle, Sam},
  journal={Proceedings of the VLDB Endowment},
  volume={6},
  number={11},
  pages={1033--1044},
  year={2013},
  publisher={VLDB Endowment}
}

@article{dewitt1990gamma,
  title={The Gamma database machine project},
  author={DeWitt, David J and Ghandeharizadeh, Shahram and Schneider, Donovan and Bricker, Allan and Hsiao, Hui-I and Rasmussen, Rick and others},
  journal={Knowledge and Data Engineering, IEEE Transactions on},
  volume={2},
  number={1},
  pages={44--62},
  year={1990},
  publisher={IEEE}
}


@inproceedings{kornacker2015impala,
  title={Impala: A modern, open-source SQL engine for Hadoop},
  author={Kornacker, Marcel and Behm, A and Bittorf, V and Bobrovytsky, T and Ching, C and Choi, A and Erickson, J and Grund, M and Hecht, D and Jacobs, M and others},
  booktitle={Proceedings of the Conference on Innovative Data Systems Research (CIDR'15)},
  year={2015}
}

@article{chandrasekaran2003psoup,
  title={PSoup: a system for streaming queries over streaming data},
  author={Chandrasekaran, Sirish and Franklin, Michael J},
  journal={The VLDB Journal},
  volume={12},
  number={2},
  pages={140--156},
  year={2003},
  publisher={Springer}
}

@inproceedings{pattern-matching,
 author = {Dindar, Nihal and G\"{u}\c{c}, Baris and Lau, Patrick and Ozal, Asli and Soner, Merve and Tatbul, Nesime},
 title = {DejaVu: Declarative Pattern Matching over Live and Archived Streams of Events},
 booktitle = {Proceedings of the 2009 ACM SIGMOD},
 series = {SIGMOD '09},
 year = {2009},
 isbn = {978-1-60558-551-2},
 location = {Providence, Rhode Island, USA},
 pages = {1023--1026},
 numpages = {4},
 url = {http://doi.acm.org/10.1145/1559845.1559971},
 doi = {10.1145/1559845.1559971},
 acmid = {1559971},
 publisher = {ACM},
 address = {New York, NY, USA},
 keywords = {complex event processing, data streams, mysql, pattern matching, rfid, second life},
} 

@inproceedings{li2005semantics,
  title={Semantics and evaluation techniques for window aggregates in data streams},
  author={Li, Jin and Maier, David and Tufte, Kristin and Papadimos, Vassilis and Tucker, Peter A},
  booktitle={ACM SIGMOD},
  year={2005}
}

@inproceedings{saha2015apache,
  title={Apache tez: A unifying framework for modeling and building data processing applications},
  author={Saha, Bikas and Shah, Hitesh and Seth, Siddharth and Vijayaraghavan, Gopal and Murthy, Arun and Curino, Carlo},
  booktitle={Proceedings of the 2015 ACM SIGMOD},
  pages={1357--1369},
  year={2015},
  organization={ACM}
}

@article{feigenbaum2005graph,
  title={On graph problems in a semi-streaming model},
  author={Feigenbaum, Joan and Kannan, Sampath and McGregor, Andrew and Suri, Siddharth and Zhang, Jian},
  journal={Theoretical Computer Science},
  volume={348},
  number={2},
  pages={207--216},
  year={2005},
  publisher={Elsevier}
}

@article{chandramouli2009fly,
  title={On-the-fly progress detection in iterative stream queries},
  author={Chandramouli, Badrish and Goldstein, Jonathan and Maier, David},
  journal={Proceedings of the VLDB Endowment},
  volume={2},
  number={1},
  pages={241--252},
  year={2009},
  publisher={VLDB Endowment}
}

@inproceedings{migliavacca2010seep,
  title={SEEP: scalable and elastic event processing},
  author={Migliavacca, Matteo and Eyers, David and Bacon, Jean and Papagiannis, Yiannis and Shand, Brian and Pietzuch, Peter},
  booktitle={Middleware'10 Posters and Demos Track},
  pages={4},
  year={2010},
  organization={ACM}
}

@article{li2008out,
  title={Out-of-order processing: a new architecture for high-performance stream systems},
  author={Li, Jin and Tufte, Kristin and Shkapenyuk, Vladislav and Papadimos, Vassilis and Johnson, Theodore and Maier, David},
  journal={Proceedings of the VLDB Endowment},
  volume={1},
  number={1},
  pages={274--288},
  year={2008},
  publisher={VLDB Endowment}
}




@article{DBLP:kd_tree_bentley,
author = {Bentley, Jon Louis},
title = {Multidimensional Binary Search Trees Used for Associative Searching},
year = {1975},
issue_date = {Sept. 1975},
publisher = {Association for Computing Machinery},
address = {New York, NY, USA},
volume = {18},
number = {9},
issn = {0001-0782},
url = {https://doi.org/10.1145/361002.361007},
doi = {10.1145/361002.361007},
abstract = {This paper develops the multidimensional binary search tree (or k-d tree, where k is the dimensionality of the search space) as a data structure for storage of information to be retrieved by associative searches. The k-d tree is defined and examples are given. It is shown to be quite efficient in its storage requirements. A significant advantage of this structure is that a single data structure can handle many types of queries very efficiently. Various utility algorithms are developed; their proven average running times in an n record file are: insertion, O(log n); deletion of the root, O(n(k-1)/k); deletion of a random node, O(log n); and optimization (guarantees logarithmic performance of searches), O(n log n). Search algorithms are given for partial match queries with t keys specified [proven maximum running time of O(n(k-t)/k)] and for nearest neighbor queries [empirically observed average running time of O(log n).] These performances far surpass the best currently known algorithms for these tasks. An algorithm is presented to handle any general intersection query. The main focus of this paper is theoretical. It is felt, however, that k-d trees could be quite useful in many applications, and examples of potential uses are given.},
journal = {Commun. ACM},
month = {sep},
pages = {509–517},
numpages = {9},
keywords = {information retrieval system, nearest neighbor queries, key, binary search trees, attribute, partial match queries, binary tree insertion, intersection queries, associative retrieval}
}