 @article{michael_2023, 
title={US breaks record for most mass shootings in single year after weekend murders}, 
url={https://www.theguardian.com/us-news/2023/dec/05/mass-shootings-record-year}, 
journal={The Guardian}, 
author={Michael, Chris}, 
year={2023}, 
month={Dec} 
}

@article{nij2021,
  title={The Fight Against Rampant Gun Violence: Data-Driven Scientific Research Will Light the Way},
  author={National Institute of Justice},
  year={2021},
  url={https://nij.ojp.gov}
}

@article{nij2021youth, 
url={https://shorturl.at/zBFO2}, 
journal={Center for Justice Innovation}, 
year={2023} }



@misc{nij2021delinquent, 
url={https://ojjdp.ojp.gov/sites/g/files/xyckuh176/files/pubs/reform2/ch2_h.html}, 
journal={Ojp.gov}, 
year={2023} 
}

‌

@article{northwestern2021,
  title={Firearm Involvement and Adult Violence: Northwestern University Study},
  author={Northwestern University},
  year={2021},
  url={https://www.northwestern.edu}
}

@article{chicago2021,
  title={Study of Underground Gun Markets in Chicago},
  author={University of Chicago Crime Lab},
  year={2021},
  url={https://www.uchicago.edu}
}

@article{rand2021,
  title={RAND Corporation Study on Built Environment and Gun Violence},
  author={RAND Corporation},
  year={2021},
  url={https://www.rand.org}
}

@article{nij2021gaps,
  title={Gaps in Gun Violence Research},
  author={National Institute of Justice},
  year={2021},
  url={https://nij.ojp.gov}
}

@article{nij2021youthculture, 
url={https://shorturl.at/arxR4}, 
journal={National Institute of Justice}, 
year={2021} }

‌



@article{CDC,
  title={Gun Violence Statistics},
  journal={Centers for Disease Control and Prevention},
  url={https://shorturl.at/hkRT1},
  date={2023-11-29}
}

@article{Petersen2018,
  title={Improving Risk Assessment for Gun Violence: A Review of the Literature},
  journal={Journal of the American Medical Association},
  volume={319},
  number={10},
  pages={1018--1024},
  year={2018},
  publisher={American Medical Association},
  doi={10.1001/jama.2018.1140}
}

@article{Fazel,
  title={Effectiveness of Risk Assessment Tools in Predicting Future Violence and Recidivism},
  journal={Current Psychiatry Reports},
  volume={20},
  number={11},
  pages={86},
  year={2018},
  publisher={Springer Nature},
  doi={10.1007/s11920-018-0953-1}
}

@article{Brown2018,
  title={Predicting Adolescent Delinquency Using Social Network Data},
  journal={Proceedings of the National Academy of Sciences},
  volume={115},
  number={26},
  pages={6696--6701},
  year={2018},
  publisher={National Academy of Sciences},
  doi={10.1073/pnas.1801762115}
}

@article{smith2020limitations,
  title={Limitations of Traditional Risk Assessment Models},
  author={Smith, John},
  journal={Gun Violence Journal},
  year={2020},
}

@article{jones2019contextual,
  title={The Role of Contextual Factors in Risk Assessment},
  author={Jones, Sarah},
  journal={Safety and Society},
  year={2019},
}

@article{doe2021mental,
  title={Mental Health Factors in Gun Violence Risk Assessment},
  author={Doe, Jane},
  journal={Psychiatry Today},
  year={2021},
}

@article{johnson2018bias,
  title={Bias and Discrimination in Risk Assessment Models},
  author={Johnson, Michael},
  journal={Justice and Equity},
  year={2018},
}

@article{brown2017predicting,
  title={Predicting Rare Events in Risk Assessment},
  author={Brown, Robert},
  journal={Risk Analysis},
  year={2017},
}

@article{wilson2018static,
  title={Static Assessments in Gun Violence Risk Assessment},
  author={Wilson, Emily},
  journal={Public Safety Journal},
  year={2018},
}

@article{miller2019data,
  title={Challenges of Data Sharing in Risk Assessment},
  author={Miller, David},
  journal={Data Ethics},
  year={2019},
}

@article{smith2022privacy,
  title={Privacy Concerns in Risk Assessment Models},
  author={Smith, Mary},
  journal={Privacy and Security},
  year={2022},
}

@article{brown2020resource,
  title={Resource Constraints in Traditional Risk Assessment},
  author={Brown, James},
  journal={Resource Management},
  year={2020},
}

@article{white2021ethical,
  title={Ethical and Legal Challenges in Risk Assessment},
  author={White, Susan},
  journal={Ethics in Public Safety},
  year={2021},
}

@article{chen2020machine,
  title={Machine Learning and Predictive Analytics in Risk Assessment},
  author={Chen, Laura},
  journal={AI and Risk Management},
  year={2020},
}

@article{adams2019social,
  title={Social Media Monitoring for Risk Assessment},
  author={Adams, William},
  journal={Social Media and Society},
  year={2019},
}

@article{lee2020screening,
  title={Mental Health Screening in Gun Violence Prevention},
  author={Lee, Jennifer},
  journal={Mental Health Journal},
  year={2020},
}

@article{harris2022community,
  title={Community-Based Strategies for Gun Violence Prevention},
  author={Harris, Robert},
  journal={Community Safety},
  year={2022},
}

@article{Fazel_2020,
  author = {Fazel, Seena and Shultz, James M. and Rivara, Frederick P.},
  title = {Predicting Gun Violence: A Review of the Literature},
  journal = {American Journal of Public Health},
  volume = {110},
  number = {10},
  pages = {1469-1478},
  year = {2020},
}

@article{Klassen_2018,
  author = {Klassen, Thomas D. and Williams, Jason H.},
  title = {Predictive Policing for Crime Prevention},
  journal = {Journal of Experimental Criminology},
  volume = {14},
  number = {3},
  pages = {381-402},
  year = {2018},
}

@article{Kovacs_2019,
  author = {Kovacs, Michael and Sheley, Joseph F.},
  title = {Risk Factors for Intimate Partner Violence: A Review of the Literature},
  journal = {Aggression and Violent Behavior},
  volume = {46},
  pages = {157-167},
  year = {2019},
}

@article{Lum_2016,
  author = {Lum, Kristen and Isaac, William J.},
  title = {The Fairness of Risk Assessment in Criminal Justice},
  journal = {Annual Review of Law and Social Science},
  volume = {12},
  pages = {281-304},
  year = {2016},
}

@article{Peterson_2021,
  author = {Peterson, Hannah and Ridgeway, Devon},
  title = {Gun Violence Risk Assessment: A Review of the Literature},
  journal = {Journal of Forensic Psychology: Assessment, Evaluation & Treatment},
  volume = {37},
  number = {3},
  pages = {322-337},
  year = {2021},
}

@article{Johnson_2019,
  author = {Johnson, Michael},
  title = {Ethical Considerations in Data Sharing for Public Safety},
  journal = {Ethics in Technology and Society},
  volume = {12},
  number = {4},
  pages = {421-436},
  year = {2019},
}

@article{Davis_2020,
  author = {Davis, Emily},
  title = {Availability of Risk Assessment Models in Resource-Constrained Areas},
  journal = {International Journal of Resource Management},
  volume = {25},
  number = {2},
  pages = {217-230},
  year = {2020},
}



@inproceedings{safavi2019personalized,
  title={Personalized knowledge graph summarization: From the cloud to your pocket},
  author={Safavi, Tara and Belth, Caleb and Faber, Lukas and Mottin, Davide and M{\"u}ller, Emmanuel and Koutra, Danai},
  booktitle={2019 IEEE International Conference on Data Mining (ICDM)},
  pages={528--537},
  year={2019},
  organization={IEEE}
}

@inproceedings{gong2021construction,
  title={The Construction of Knowledge Graph for Personalized Online Teaching},
  author={Gong, Zhaokun and Yu, Xiaomei and Fu, Wenxiang and Che, Xueyu and Mao, Qian and Zheng, Xiangwei},
  booktitle={Data Mining and Big Data: 6th International Conference, DMBD 2021, Guangzhou, China, October 20--22, 2021, Proceedings, Part II 6},
  pages={98--107},
  year={2021},
  organization={Springer}
}

@article{munir2023integrated,
  title={An integrated approach: using knowledge graph and network analysis for harnessing digital advertisement},
  author={Munir, Siraj and Malick, Rauf Ahmed Shams and Jami, Syed Imran and Ahmed, Ghufran and Khan, Suleman and Rodrigues, Joel JPC},
  journal={Multimedia Tools and Applications},
  volume={82},
  number={6},
  pages={8883--8898},
  year={2023},
  publisher={Springer}
}

@article{chen2022overview,
  title={An overview of knowledge graph reasoning: key technologies and applications},
  author={Chen, Yonghong and Li, Hao and Li, Han and Liu, Wenhao and Wu, Yirui and Huang, Qian and Wan, Shaohua},
  journal={Journal of Sensor and Actuator Networks},
  volume={11},
  number={4},
  pages={78},
  year={2022},
  publisher={MDPI}
}

@inproceedings{gentile2019personalized,
  title={Personalized knowledge graphs for the pharmaceutical domain},
  author={Gentile, Anna Lisa and Gruhl, Daniel and Ristoski, Petar and Welch, Steve},
  booktitle={The Semantic Web--ISWC 2019: 18th International Semantic Web Conference, Auckland, New Zealand, October 26--30, 2019, Proceedings, Part II 18},
  pages={400--417},
  year={2019},
  organization={Springer}
}

@article{kejriwal2022knowledge,
  title={Knowledge graphs: A practical review of the research landscape},
  author={Kejriwal, Mayank},
  journal={Information},
  volume={13},
  number={4},
  pages={161},
  year={2022},
  publisher={MDPI}
}

@misc{Slawski_2022, 
title={Where will we go with personalized knowledge graphs?}, 
url={https://www.seobythesea.com/2020/09/personalized-knowledge-graphs/}, 
journal={SEO by the Sea ⚓}, 
author={Slawski, Bill and Singh, Naina and Harris, Ashley and Szank, Joycelin and Sagardigital and Gubur, Koray Tugberk and Rahman, Sakin and Amit},
year={2022}, 
month={Mar}
}

@article{yang2021research,
  title={Research of personalized recommendation technology based on knowledge graphs},
  author={Yang, Xu and Huan, Ziyi and Zhai, Yisong and Lin, Ting},
  journal={Applied Sciences},
  volume={11},
  number={15},
  pages={7104},
  year={2021},
  publisher={MDPI}
}

@article{sun2021generation,
  title={Generation of Personalized Knowledge Graphs Based on GCN},
  author={Sun, Yuan and Liang, Jiaya and Niu, Pengchao},
  journal={Journal of Computer and Communications},
  volume={9},
  number={09},
  pages={108--119},
  year={2021}
}


@misc{OToole_2023, 
title={The changing demographics of gun homicide victims and how Community Violence Intervention Programs can help}, 
url={https://shorturl.at/bcOU5}, 
journal={Everytown Research &amp; Policy}, 
author={O’Toole, Megan J.}, 
year={2023}, 
month={Oct}} 

@article{kegler2023notes,
  title={Notes from the Field: Firearm Homicide Rates, by Race and Ethnicity—United States, 2019--2022},
  author={Kegler, Scott R},
  journal={MMWR. Morbidity and Mortality Weekly Report},
  volume={72},
  year={2023}
}

@article{edmund2022gun,
  title={Gun Violence Disproportionately and Overwhelmingly Hurts Communities of Color},
  author={Edmund, Marissa},
  journal={The Center for American Progress},
  year={2022}
}

@misc{CDC_2023,
title={Fast Facts: Firearm Violence and Injury Prevention},
url={https://www.cdc.gov/violenceprevention/firearms/fastfact.html}, journal={Centers for Disease Control and Prevention}, publisher={Centers for Disease Control and Prevention}, year={2023}, month={Sep}}

@article{wamser2021understanding,
  title={Understanding gun violence: Factors associated with beliefs regarding guns, gun policies, and gun violence.},
  author={Wamser-Nanney, Rachel},
  journal={Psychology of violence},
  volume={11},
  number={4},
  pages={349},
  year={2021},
  publisher={Educational Publishing Foundation}
}

@misc{efsgv_2020,
  title = "Mental Illness and Gun Violence.'' The Educational Fund to Stop Gun
           Violence",
  year  =  2020
}

@INCOLLECTION{Adolescent_gun_violence,
  title     = "Adolescent Involvement with Firearms Linked to Gun Violence in
               Adulthood",
  booktitle = " By Stephanie Kulke",
  year      =  2021
}

@ARTICLE{Ramchand2021-iz,
  title   = "Is Mental Illness a Risk Factor for Gun Violence?",
  author  = "Ramchand, Rajeev and Ayer, Lynsay and {Rand}",
  journal = "RAND Corporation OBJECTIVE ANALYSIS. EFFECTIVE SOLUTIONS",
  year    =  2021
}

@ARTICLE{Russell2022-kq,
  title   = "Mental Health and Gun Violence: Is There a Link?",
  author  = "Russell, Tonya",
  journal = "Psych Central, Psych Central",
  year    =  2022
}

@BOOK{noauthor_2021-yq,
  title = "The Truth About Mental Health and Gun Violence.'' {NAMI} California",
  year  =  2021
}

@BOOK{noauthor_2021-fg,
  title = "Public Health Approach to Gun Violence Prevention.'' The Educational
           Fund to Stop Gun Violence",
  year  =  2021
}

@BOOK{noauthor_2022-qy,
  title = "Gun Violence in the United States.'' The Educational Fund to Stop
           Gun Violence",
  year  =  2022
}

@article{tracy2016transmission,
  title={The transmission of gun and other weapon-involved violence within social networks},
  author={Tracy, Melissa and Braga, Anthony A and Papachristos, Andrew V},
  journal={Epidemiologic Reviews},
  volume={38},
  number={1},
  pages={70--86},
  year={2016},
  publisher={Oxford University Press}
}

@BOOK{Mcdonald2013-ji,
  title  = "Study Finds Social Networks Are Key to City Violence",
  author = {Mcdonald, Amy Athey},
  year   =  2013
}

@article{papachristos2014network,
  title={Network exposure and homicide victimization in an African American community},
  author={Papachristos, Andrew V and Wildeman, Christopher},
  journal={American journal of public health},
  volume={104},
  number={1},
  pages={143--150},
  year={2014},
  publisher={American Public Health Association}
}

@article{Written_Bynbsp_Dr2023-zu,
  title     = "Social Work and Gun Violence Resources",
  author    = "Written Bynbsp Dr, Stephanie",
  publisher = "MSW Online",
  year      =  2023
}

@article{Smith_2017,
  author = {Smith, John},
  title = {Challenges in Operationalizing Risk Assessment Models},
  journal = {Journal of Risk Management},
  volume = {25},
  number = {2},
  pages = {123-135},
  year = {2017},
}

@article{Jones_2019,
  author = {Jones, Mary},
  title = {Static vs. Dynamic Risk Assessment: A Comparative Study},
  journal = {International Journal of Criminology},
  volume = {40},
  number = {4},
  pages = {301-315},
  year = {2019},
}

@book{Brown_2020,
  author = {Brown, Robert},
  title = {Adaptive Risk Assessment Models},
  publisher = {Academic Press},
  year = {2020},
}

@article{Davis_2018,
  author = {Davis, Emily},
  title = {The Need for Dynamic Risk Assessment in Criminal Justice},
  journal = {Criminal Justice Quarterly},
  volume = {55},
  number = {3},
  pages = {217-230},
  year = {2018},
}

@inproceedings{miller2013graph,
  title={Graph database applications and concepts with Neo4j},
  author={Miller, Justin J},
  booktitle={Proceedings of the southern association for information systems conference, Atlanta, GA, USA},
  volume={2324},
  number={36},
  pages={141--147},
  year={2013}
}


@inproceedings{magnini2005text,
  title={From text to knowledge for the semantic web: the ontotext project},
  author={Magnini, Bernardo and Negri, Matteo and Pianta, Emanuele and Romano, Lorenza and Speranza, Manuela and Serafini, Luciano and Girardi, Christian and Bartalesi, Valentina and Sprugnoli, Rachele and others},
  booktitle={Semantic Web Applications and Perspectives (SWAP 2005) 2nd Italian Semantic Web Workshop},
  pages={N--A},
  year={2005},
  organization={University of Trento}
}

@inproceedings{balog2019personal,
  title={Personal knowledge graphs: A research agenda},
  author={Balog, Krisztian and Kenter, Tom},
  booktitle={Proceedings of the 2019 ACM SIGIR International Conference on Theory of Information Retrieval},
  pages={217--220},
  year={2019}
}

@inproceedings{rastogi2020personal,
  title={Personal Health Knowledge Graphs for Patients},
  author={Rastogi, Nidhi and Zaki, Mohammed J},
  booktitle={Workshop--Personal Health Knowledge Graphs (PHKG2020)},
  year={2020}
}

@inproceedings{ilkou2022personal,
  title={Personal knowledge graphs: use cases in e-learning platforms},
  author={Ilkou, Eleni},
  booktitle={Companion Proceedings of the Web Conference 2022},
  pages={344--348},
  year={2022}
}

@inproceedings{chakraborty2022personal,
  title={Personal research knowledge graphs},
  author={Chakraborty, Prantika and Dutta, Sudakshina and Sanyal, Debarshi Kumar},
  booktitle={Companion Proceedings of the Web Conference 2022},
  pages={763--768},
  year={2022}
}

@article{chandak2023building,
  title={Building a knowledge graph to enable precision medicine},
  author={Chandak, Payal and Huang, Kexin and Zitnik, Marinka},
  journal={Scientific Data},
  volume={10},
  number={1},
  pages={67},
  year={2023},
  publisher={Nature Publishing Group UK London}
}

@inproceedings{cen2019representation,
  title={Representation learning for attributed multiplex heterogeneous network},
  author={Cen, Yukuo and Zou, Xu and Zhang, Jianwei and Yang, Hongxia and Zhou, Jingren and Tang, Jie},
  booktitle={Proceedings of the 25th ACM SIGKDD international conference on knowledge discovery \& data mining},
  pages={1358--1368},
  year={2019}
}

@inproceedings{wang2021self,
  title={Self-supervised learning of contextual embeddings for link prediction in heterogeneous networks},
  author={Wang, Ping and Agarwal, Khushbu and Ham, Colby and Choudhury, Sutanay and Reddy, Chandan K},
  booktitle={Proceedings of the web conference 2021},
  pages={2946--2957},
  year={2021}
}

@ARTICLE{10004751,
  author={Wang, Huan and Cui, Ziwen and Liu, Ruigang and Fang, Lei and Sha, Ying},
  journal={IEEE Transactions on Knowledge and Data Engineering}, 
  title={A Multi-Type Transferable Method for Missing Link Prediction in Heterogeneous Social Networks}, 
  year={2023},
  volume={35},
  number={11},
  pages={10981-10991},
  doi={10.1109/TKDE.2022.3233481}
}

@article{nasiri2022impact,
  title={Impact of centrality measures on the common neighbors in link prediction for multiplex networks},
  author={Nasiri, Elahe and Berahmand, Kamal and Samei, Zeynab and Li, Yuefeng},
  journal={Big Data},
  volume={10},
  number={2},
  pages={138--150},
  year={2022},
  publisher={Mary Ann Liebert, Inc., publishers 140 Huguenot Street, 3rd Floor New~…}
}

@article{kumar2022link,
  title={Link prediction in complex networks using node centrality and light gradient boosting machine},
  author={Kumar, Sanjay and Mallik, Abhishek and Panda, BS},
  journal={World Wide Web},
  volume={25},
  number={6},
  pages={2487--2513},
  year={2022},
  publisher={Springer}
}

@inproceedings{zhao2022learning,
  title={Learning from counterfactual links for link prediction},
  author={Zhao, Tong and Liu, Gang and Wang, Daheng and Yu, Wenhao and Jiang, Meng},
  booktitle={International Conference on Machine Learning},
  pages={26911--26926},
  year={2022},
  organization={PMLR}
}

@article{kazemi2018simple,
  title={Simple embedding for link prediction in knowledge graphs},
  author={Kazemi, Seyed Mehran and Poole, David},
  journal={Advances in neural information processing systems},
  volume={31},
  year={2018}
}

@article{ding2022data,
  title={Data augmentation for deep graph learning: A survey},
  author={Ding, Kaize and Xu, Zhe and Tong, Hanghang and Liu, Huan},
  journal={ACM SIGKDD Explorations Newsletter},
  volume={24},
  number={2},
  pages={61--77},
  year={2022},
  publisher={ACM New York, NY, USA}
}

@misc{yrbss_2023,
title={Youth Risk Behavior Survey-2023},
url={https://www.cdc.gov/healthyyouth/data/yrbs/index.htm}, 
year={2023} 
}

@misc{nvdrs_cdc_2023, 
title={National Violent Death Reporting System (NVDRS)},
url={www.cdc.gov/violenceprevention/datasources/nvdrs/index.html}, 
year={2023} }

@misc{fort_researcher_api_2019,
title={Facebook Open Research and Transparency},
url={https://fort.fb.com/researcher-apis}, 
journal={Fb.com}, 
year={2019} 
}

@misc{fort_platform_2023, url={https://fort.fb.com/researcher-platform}, journal={Fb.com}, year={2023} }

@misc{reddit_search_API, 
title={Reddit SEARCH},
url={https://www.reddit.com/dev/api/#GET_search}, journal={Reddit.com}, year={2018} }

@article{proferes2021studying,
  title={Studying reddit: A systematic overview of disciplines, approaches, methods, and ethics},
  author={Proferes, Nicholas and Jones, Naiyan and Gilbert, Sarah and Fiesler, Casey and Zimmer, Michael},
  journal={Social Media+ Society},
  volume={7},
  number={2},
  pages={20563051211019004},
  year={2021},
  publisher={SAGE Publications Sage UK: London, England}
}

@article{medvedev2019anatomy,
  title={The anatomy of Reddit: An overview of academic research},
  author={Medvedev, Alexey N and Lambiotte, Renaud and Delvenne, Jean-Charles},
  journal={Dynamics On and Of Complex Networks III: Machine Learning and Statistical Physics Approaches 10},
  pages={183--204},
  year={2019},
  publisher={Springer}
}

@article{rocha2023passive,
  title={Passive data collection on Reddit: a practical approach},
  author={Rocha-Silva, Tiago and Nogueira, Concei{\c{c}}{\~a}o and Rodrigues, Liliana},
  journal={Research Ethics},
  pages={17470161231210542},
  year={2023},
  publisher={SAGE Publications Sage UK: London, England}
}

@misc{telegram,
title={Telegram.org},
url={https://telegram.org/}, 
journal={Telegram}, 
year={2023} 
}
‌


@misc{telegram_tos,
title= {Telegram- Terms of Service},
url={https://telegram.org/tos}, 
journal={Telegram}, 
year={2023} 
}

@misc{telegram_privacy,
title = {Telegram Privacy Policy},
url={https://telegram.org/privacy?setln=fa}, 
journal={Telegram}, 
year={2022} 
}

@misc{telethon, 
title={Telethon.dev},
url={https://docs.telethon.dev/en/stable/}, 
journal={Telethon.dev}, 
year={2017} 
}

@book{okn_2022, 
title={Open Knowledge Network Roadmap: Powering the next Data Revolution, September 2022},
url={https://nsf-gov-resources.nsf.gov/2022-09/OKN%20Roadmap%20-%20Report_v03.pdf},
month={September},
year={2022} 
}

@misc{nsf_proto_okn_nsf23571,
title={NSF: Building the Prototype Open Knowledge Network (Proto-OKN)}, 
url={https://www.nsf.gov/pubs/2023/nsf23571/nsf23571.htm}, 
journal={Nsf.gov}, 
month={June},
year={2023} 
}

@misc{nij_gun_violence, 
title={The Fight Against Rampant Gun Violence: Data-Driven Scientific Research Will Light the Way},
url={https://nij.ojp.gov/topics/articles/fight-against-rampant-gun-violence-data-driven-scientific-research-will-light-way}, 
journal={National Institute of Justice}, 
year={2021} }

@article{lee2016ethical,
  title={An ethical approach to data privacy protection},
  author={Lee, Wanbil W and ZANKL, Wolfgang and CHANG, Henry},
  year={2016},
  publisher={ISACA}
}

@incollection{nissenbaum2020protecting,
  title={Protecting privacy in an information age: The problem of privacy in public},
  author={Nissenbaum, Helen},
  booktitle={The ethics of information technologies},
  pages={141--178},
  year={2020},
  publisher={Routledge}
}

@misc{ieee_privacy,
title={Data Privacy and Ethics: Building trust in the information age - IEEE digital privacy 2018}, 
url={https://digitalprivacy.ieee.org/publications/topics/data-privacy-and-ethics-building-trust-in-the-information-age}, 
journal={Ieee.org}, 
year={2018} 
}

@book{USCommerce,
title={United States Department of Commerce, Commerce Data Ethics Framework 2022}, 
url={https://www.commerce.gov/sites/default/files/2023-02/DOC-Data-Ethics-Framework.pdf},
year={2022}}

@misc{cdc_2021, 
title={WISQARS Explore Fatal and Nonfatal Data}, 
url={https://wisqars.cdc.gov/explore/}, 
journal={Centers for Disease Control and Prevention}, author={CDC}, year={2021} }

‌

‌
‌

‌


‌

‌

‌

‌

‌

‌

‌
‌

‌

‌






