@inproceedings{dprovdb,
  author    = {Shufan Zhang and
                  Xi He},
  title     = {{DProvDB}: Differentially Private Query Processing with Multi-Analyst
                  Provenance},
  booktitle = {Proceedings of the {ACM} {SIGMOD} International Conference on Management
               of Data, {SIGMOD} 2024},
  publisher = {{ACM}},
  year      = {2024},
}

@inproceedings{bittau2017prochlo,
  title={Prochlo: Strong privacy for analytics in the crowd},
  author={Bittau, Andrea and Erlingsson, {\'U}lfar and Maniatis, Petros and Mironov, Ilya and Raghunathan, Ananth and Lie, David and Rudominer, Mitch and Kode, Ushasree and Tinnes, Julien and Seefeld, Bernhard},
  booktitle={Proceedings of the 26th symposium on operating systems principles},
  pages={441--459},
  year={2017}
}

@article{wagh2021dp,
  title={DP-cryptography: marrying differential privacy and cryptography in emerging applications},
  author={Wagh, Sameer and He, Xi and Machanavajjhala, Ashwin and Mittal, Prateek},
  journal={Communications of the ACM},
  volume={64},
  number={2},
  pages={84--93},
  year={2021},
  publisher={ACM New York, NY, USA}
}

@inproceedings{roy2020cryptœµ,
  title={Crypte: Crypto-assisted differential privacy on untrusted servers},
  author={Roy Chowdhury, Amrita and Wang, Chenghong and He, Xi and Machanavajjhala, Ashwin and Jha, Somesh},
  booktitle={Proceedings of the 2020 ACM SIGMOD International Conference on Management of Data},
  pages={603--619},
  year={2020}
}

@inproceedings{bonawitz2017practical,
  title={Practical secure aggregation for privacy-preserving machine learning},
  author={Bonawitz, Keith and Ivanov, Vladimir and Kreuter, Ben and Marcedone, Antonio and McMahan, H Brendan and Patel, Sarvar and Ramage, Daniel and Segal, Aaron and Seth, Karn},
  booktitle={proceedings of the 2017 ACM SIGSAC Conference on Computer and Communications Security},
  pages={1175--1191},
  year={2017}
}

@inproceedings{girgis2021renyi,
  title={On the renyi differential privacy of the shuffle model},
  author={Girgis, Antonious M and Data, Deepesh and Diggavi, Suhas and Suresh, Ananda Theertha and Kairouz, Peter},
  booktitle={Proceedings of the 2021 ACM SIGSAC Conference on Computer and Communications Security},
  pages={2321--2341},
  year={2021}
}

@inproceedings{BunemanKT02annotations,
  author       = {Peter Buneman and
                  Sanjeev Khanna and
                  Wang Chiew Tan},
  editor       = {Lucian Popa and
                  Serge Abiteboul and
                  Phokion G. Kolaitis},
  title        = {On Propagation of Deletions and Annotations Through Views},
  booktitle    = {Proceedings of the Twenty-first {ACM} {SIGACT-SIGMOD-SIGART} Symposium
                  on Principles of Database Systems, June 3-5, Madison, Wisconsin, {USA}},
  pages        = {150--158},
  publisher    = {{ACM}},
  year         = {2002},
  url          = {https://doi.org/10.1145/543613.543633},
  doi          = {10.1145/543613.543633},
  timestamp    = {Tue, 06 Nov 2018 16:58:02 +0100},
  biburl       = {https://dblp.org/rec/conf/pods/BunemanKT02.bib},
  bibsource    = {dblp computer science bibliography, https://dblp.org}
}

@inproceedings{BunemanKT01where-prov,
  author       = {Peter Buneman and
                  Sanjeev Khanna and
                  Wang Chiew Tan},
  editor       = {Jan Van den Bussche and
                  Victor Vianu},
  title        = {Why and Where: {A} Characterization of Data Provenance},
  booktitle    = {Database Theory - {ICDT} 2001, 8th International Conference, London,
                  UK, January 4-6, 2001, Proceedings},
  series       = {Lecture Notes in Computer Science},
  volume       = {1973},
  pages        = {316--330},
  publisher    = {Springer},
  year         = {2001},
  url          = {https://doi.org/10.1007/3-540-44503-X\_20},
  doi          = {10.1007/3-540-44503-X\_20},
  timestamp    = {Tue, 14 May 2019 10:00:54 +0200},
  biburl       = {https://dblp.org/rec/conf/icdt/BunemanKT01.bib},
  bibsource    = {dblp computer science bibliography, https://dblp.org}
}

@article{dwork2014algorithmic,
  author    = {Cynthia Dwork and
               Aaron Roth},
  title     = {The Algorithmic Foundations of Differential Privacy},
  journal   = {Found. Trends Theor. Comput. Sci.},
  volume    = {9},
  number    = {3-4},
  pages     = {211--407},
  year      = {2014},
  url       = {https://doi.org/10.1561/0400000042},
  doi       = {10.1561/0400000042},
  timestamp = {Thu, 20 Aug 2020 22:50:53 +0200},
  biburl    = {https://dblp.org/rec/journals/fttcs/DworkR14.bib},
  bibsource = {dblp computer science bibliography, https://dblp.org}
}

@inproceedings{KostopoulouTCGL23turbo,
  author       = {Kelly Kostopoulou and
                  Pierre Tholoniat and
                  Asaf Cidon and
                  Roxana Geambasu and
                  Mathias L{\'{e}}cuyer},
  editor       = {Jason Flinn and
                  Margo I. Seltzer and
                  Peter Druschel and
                  Antoine Kaufmann and
                  Jonathan Mace},
  title        = {Turbo: Effective Caching in Differentially-Private Databases},
  booktitle    = {Proceedings of the 29th Symposium on Operating Systems Principles,
                  {SOSP} 2023, Koblenz, Germany, October 23-26, 2023},
  pages        = {579--594},
  publisher    = {{ACM}},
  year         = {2023},
  url          = {https://doi.org/10.1145/3600006.3613174},
  doi          = {10.1145/3600006.3613174},
  timestamp    = {Fri, 27 Oct 2023 20:40:33 +0200},
  biburl       = {https://dblp.org/rec/conf/sosp/KostopoulouTCGL23.bib},
  bibsource    = {dblp computer science bibliography, https://dblp.org}
}

@inproceedings{narayan2012djoin,
  author    = {Arjun Narayan and
               Andreas Haeberlen},
  editor    = {Chandu Thekkath and
               Amin Vahdat},
  title     = {DJoin: Differentially Private Join Queries over Distributed Databases},
  booktitle = {10th {USENIX} Symposium on Operating Systems Design and Implementation,
               {OSDI} 2012, Hollywood, CA, USA, October 8-10, 2012},
  pages     = {149--162},
  publisher = {{USENIX} Association},
  year      = {2012},
  url       = {https://www.usenix.org/conference/osdi12/technical-sessions/presentation/narayan}
}

@inproceedings{mcsherry2009pinq,
  author    = {Frank McSherry},
  editor    = {Ugur {\c{C}}etintemel and
               Stanley B. Zdonik and
               Donald Kossmann and
               Nesime Tatbul},
  title     = {Privacy integrated queries: an extensible platform for privacy-preserving
               data analysis},
  booktitle = {Proceedings of the {ACM} {SIGMOD} International Conference on Management
               of Data, {SIGMOD} 2009, Providence, Rhode Island, USA, June 29 - July
               2, 2009},
  pages     = {19--30},
  publisher = {{ACM}},
  year      = {2009},
  url       = {https://doi.org/10.1145/1559845.1559850},
  doi       = {10.1145/1559845.1559850}
}

@article{johnson2018towards,
  author    = {Noah M. Johnson and
               Joseph P. Near and
               Dawn Song},
  title     = {Towards Practical Differential Privacy for {SQL} Queries},
  journal   = {Proc. {VLDB} Endow.},
  volume    = {11},
  number    = {5},
  pages     = {526--539},
  year      = {2018},
  url       = {http://www.vldb.org/pvldb/vol11/p526-johnson.pdf},
  doi       = {10.1145/3187009.3177733},
  timestamp = {Sat, 25 Apr 2020 13:59:37 +0200},
  biburl    = {https://dblp.org/rec/journals/pvldb/JohnsonNS18.bib},
  bibsource = {dblp computer science bibliography, https://dblp.org}
}


@article{proserpio2014calibrating,
  author    = {Davide Proserpio and
               Sharon Goldberg and
               Frank McSherry},
  title     = {Calibrating Data to Sensitivity in Private Data Analysis},
  journal   = {Proc. {VLDB} Endow.},
  volume    = {7},
  number    = {8},
  pages     = {637--648},
  year      = {2014},
  url       = {http://www.vldb.org/pvldb/vol7/p637-proserpio.pdf},
  doi       = {10.14778/2732296.2732300},
  timestamp = {Sat, 25 Apr 2020 13:58:48 +0200},
  biburl    = {https://dblp.org/rec/journals/pvldb/ProserpioGM14.bib},
  bibsource = {dblp computer science bibliography, https://dblp.org}
}

@article{kotsogiannis2019privatesql,
  author    = {Ios Kotsogiannis and
               Yuchao Tao and
               Xi He and
               Maryam Fanaeepour and
               Ashwin Machanavajjhala and
               Michael Hay and
               Gerome Miklau},
  title     = {PrivateSQL: {A} Differentially Private {SQL} Query Engine},
  journal   = {Proc. {VLDB} Endow.},
  volume    = {12},
  number    = {11},
  pages     = {1371--1384},
  year      = {2019},
  url       = {http://www.vldb.org/pvldb/vol12/p1371-kotsogiannis.pdf},
  doi       = {10.14778/3342263.3342274},
  timestamp = {Tue, 16 Aug 2022 23:06:05 +0200},
  biburl    = {https://dblp.org/rec/journals/pvldb/KotsogiannisTHF19.bib},
  bibsource = {dblp computer science bibliography, https://dblp.org}
}

@article{amin2022plume,
  author    = {Kareem Amin and
               Jennifer Gillenwater and
               Matthew Joseph and
               Alex Kulesza and
               Sergei Vassilvitskii},
  title     = {Plume: Differential Privacy at Scale},
  journal   = {CoRR},
  volume    = {abs/2201.11603},
  year      = {2022},
  url       = {https://arxiv.org/abs/2201.11603},
  eprinttype = {arXiv},
  eprint    = {2201.11603},
  timestamp = {Mon, 22 Aug 2022 08:08:20 +0200},
  biburl    = {https://dblp.org/rec/journals/corr/abs-2201-11603.bib},
  bibsource = {dblp computer science bibliography, https://dblp.org}
}

@inproceedings{zhang2020attribute,
  author       = {Wanrong Zhang and
                  Olga Ohrimenko and
                  Rachel Cummings},
  title        = {Attribute Privacy: Framework and Mechanisms},
  booktitle    = {FAccT '22: 2022 {ACM} Conference on Fairness, Accountability, and Transparency, Seoul, Republic of Korea, June 21 - 24, 2022},
  pages        = {757--766},
  publisher    = {{ACM}},
  year         = {2022},
  url          = {https://doi.org/10.1145/3531146.3533139},
  doi          = {10.1145/3531146.3533139}
}

@article{houssiau2022google_map,
  title={On the difficulty of achieving Differential Privacy in practice: user-level guarantees in aggregate location data},
  author={Houssiau, Florimond and Rocher, Luc and de Montjoye, Yves-Alexandre},
  journal={Nature communications},
  volume={13},
  number={1},
  pages={29},
  year={2022},
  publisher={Nature Publishing Group UK London}
}

@article{wilson2020differentially,
  author    = {Royce J. Wilson and
               Celia Yuxin Zhang and
               William Lam and
               Damien Desfontaines and
               Daniel Simmons{-}Marengo and
               Bryant Gipson},
  title     = {Differentially Private {SQL} with Bounded User Contribution},
  journal   = {Proc. Priv. Enhancing Technol.},
  volume    = {2020},
  number    = {2},
  pages     = {230--250},
  year      = {2020},
  url       = {https://doi.org/10.2478/popets-2020-0025},
  doi       = {10.2478/popets-2020-0025},
  timestamp = {Tue, 16 Aug 2022 23:06:27 +0200},
  biburl    = {https://dblp.org/rec/journals/popets/WilsonZLDSG20.bib},
  bibsource = {dblp computer science bibliography, https://dblp.org}
}

@incollection{samarati2000access,
  author    = {Sabrina De Capitani di Vimercati},
  editor    = {Henk C. A. van Tilborg and
               Sushil Jajodia},
  title     = {Access Control Policies, Models, and Mechanisms},
  booktitle = {Encyclopedia of Cryptography and Security, 2nd Ed},
  pages     = {13--14},
  publisher = {Springer},
  year      = {2011},
  url       = {https://doi.org/10.1007/978-1-4419-5906-5\_806},
  doi       = {10.1007/978-1-4419-5906-5\_806},
  timestamp = {Wed, 12 Jul 2017 09:11:27 +0200},
  biburl    = {https://dblp.org/rec/reference/crypt/Vimercati11.bib},
  bibsource = {dblp computer science bibliography, https://dblp.org}
}

@inproceedings{kotsogiannis2020one,
  author    = {Ios Kotsogiannis and
               Stelios Doudalis and
               Samuel Haney and
               Ashwin Machanavajjhala and
               Sharad Mehrotra},
  title     = {One-sided Differential Privacy},
  booktitle = {36th {IEEE} International Conference on Data Engineering, {ICDE} 2020,
               Dallas, TX, USA, April 20-24, 2020},
  pages     = {493--504},
  publisher = {{IEEE}},
  year      = {2020},
  url       = {https://doi.org/10.1109/ICDE48307.2020.00049},
  doi       = {10.1109/ICDE48307.2020.00049},
  timestamp = {Fri, 05 Jun 2020 17:54:57 +0200},
  biburl    = {https://dblp.org/rec/conf/icde/KotsogiannisDHM20.bib},
  bibsource = {dblp computer science bibliography, https://dblp.org}
}

@article{near2021differential,
  author    = {Joseph P. Near and
               Xi He},
  title     = {Differential Privacy for Databases},
  journal   = {Found. Trends Databases},
  volume    = {11},
  number    = {2},
  pages     = {109--225},
  year      = {2021},
  url       = {https://doi.org/10.1561/1900000066},
  doi       = {10.1561/1900000066},
  timestamp = {Tue, 29 Nov 2022 08:35:06 +0100},
  biburl    = {https://dblp.org/rec/journals/ftdb/NearH21.bib},
  bibsource = {dblp computer science bibliography, https://dblp.org}
}

@inproceedings{johnson2020chorus,
  author    = {Noah M. Johnson and
               Joseph P. Near and
               Joseph M. Hellerstein and
               Dawn Song},
  title     = {Chorus: a Programming Framework for Building Scalable Differential
               Privacy Mechanisms},
  booktitle = {{IEEE} European Symposium on Security and Privacy, EuroS{\&}P
               2020, Genoa, Italy, September 7-11, 2020},
  pages     = {535--551},
  publisher = {{IEEE}},
  year      = {2020},
  url       = {https://doi.org/10.1109/EuroSP48549.2020.00041},
  doi       = {10.1109/EuroSP48549.2020.00041},
  timestamp = {Tue, 10 Nov 2020 11:53:37 +0100},
  biburl    = {https://dblp.org/rec/conf/eurosp/JohnsonNHS20.bib},
  bibsource = {dblp computer science bibliography, https://dblp.org}
}

@article{gdpr,
  title={The {EU} general data protection regulation ({GDPR})},
  author={Voigt, Paul and Von dem Bussche, Axel},
  journal={A Practical Guide, 1st Ed., Cham: Springer International Publishing},
  volume={10},
  pages={3152676},
  year={2017},
  publisher={Springer}
}

@inproceedings{BW18analytic,
  author    = {Borja Balle and
               Yu{-}Xiang Wang},
  editor    = {Jennifer G. Dy and
               Andreas Krause},
  title     = {Improving the Gaussian Mechanism for Differential Privacy: Analytical
               Calibration and Optimal Denoising},
  booktitle = {Proceedings of the 35th International Conference on Machine Learning,
               {ICML} 2018, Stockholmsm{\"{a}}ssan, Stockholm, Sweden, July
               10-15, 2018},
  series    = {Proceedings of Machine Learning Research},
  volume    = {80},
  pages     = {403--412},
  publisher = {{PMLR}},
  year      = {2018},
  url       = {http://proceedings.mlr.press/v80/balle18a.html},
  timestamp = {Wed, 12 May 2021 13:29:27 +0200},
  biburl    = {https://dblp.org/rec/conf/icml/BalleW18.bib},
  bibsource = {dblp computer science bibliography, https://dblp.org}
}

@inproceedings{mironov2017renyi,
  author    = {Ilya Mironov},
  title     = {R{\'{e}}nyi Differential Privacy},
  booktitle = {30th {IEEE} Computer Security Foundations Symposium, {CSF} 2017, Santa
               Barbara, CA, USA, August 21-25, 2017},
  pages     = {263--275},
  publisher = {{IEEE} Computer Society},
  year      = {2017},
  url       = {https://doi.org/10.1109/CSF.2017.11},
  doi       = {10.1109/CSF.2017.11},
  timestamp = {Fri, 24 Mar 2023 00:04:59 +0100},
  biburl    = {https://dblp.org/rec/conf/csfw/Mironov17.bib},
  bibsource = {dblp computer science bibliography, https://dblp.org}
}

@inproceedings{erlingsson2014rappor,
  author    = {{\'{U}}lfar Erlingsson and
               Vasyl Pihur and
               Aleksandra Korolova},
  editor    = {Gail{-}Joon Ahn and
               Moti Yung and
               Ninghui Li},
  title     = {{RAPPOR:} Randomized Aggregatable Privacy-Preserving Ordinal Response},
  booktitle = {Proceedings of the 2014 {ACM} {SIGSAC} Conference on Computer and
               Communications Security, Scottsdale, AZ, USA, November 3-7, 2014},
  pages     = {1054--1067},
  publisher = {{ACM}},
  year      = {2014},
  url       = {https://doi.org/10.1145/2660267.2660348},
  doi       = {10.1145/2660267.2660348},
  timestamp = {Tue, 10 Nov 2020 20:00:27 +0100},
  biburl    = {https://dblp.org/rec/conf/ccs/ErlingssonPK14.bib},
  bibsource = {dblp computer science bibliography, https://dblp.org}
}

@inproceedings{hardt2010multiplicative,
  author    = {Moritz Hardt and
               Guy N. Rothblum},
  title     = {A Multiplicative Weights Mechanism for Privacy-Preserving Data Analysis},
  booktitle = {51th Annual {IEEE} Symposium on Foundations of Computer Science, {FOCS}
               2010, October 23-26, 2010, Las Vegas, Nevada, {USA}},
  pages     = {61--70},
  publisher = {{IEEE} Computer Society},
  year      = {2010},
  url       = {https://doi.org/10.1109/FOCS.2010.85},
  doi       = {10.1109/FOCS.2010.85},
  timestamp = {Thu, 23 Mar 2023 23:57:54 +0100},
  biburl    = {https://dblp.org/rec/conf/focs/HardtR10.bib},
  bibsource = {dblp computer science bibliography, https://dblp.org}
}

@article{koufogiannis2015gradual,
  author    = {Fragkiskos Koufogiannis and
               Shuo Han and
               George J. Pappas},
  title     = {Gradual Release of Sensitive Data under Differential Privacy},
  journal   = {J. Priv. Confidentiality},
  volume    = {7},
  number    = {2},
  year      = {2016},
  url       = {https://doi.org/10.29012/jpc.v7i2.649},
  doi       = {10.29012/jpc.v7i2.649},
  timestamp = {Mon, 16 Jan 2023 08:08:10 +0100},
  biburl    = {https://dblp.org/rec/journals/jpc/KoufogiannisHP16.bib},
  bibsource = {dblp computer science bibliography, https://dblp.org}
}

@misc{uci_dataset ,
author = "Dua, Dheeru and Graff, Casey",
year = "2017",
title = "{UCI} Machine Learning Repository",
url = "http://archive.ics.uci.edu/ml",
institution = "University of California, Irvine, School of Information and Computer Sciences" }

@article{LuoPXZX24,
  author       = {Xuan Luo and
                  Jian Pei and
                  Cheng Xu and
                  Wenjie Zhang and
                  Jianliang Xu},
  title        = {Fast Shapley Value Computation in Data Assemblage Tasks as Cooperative
                  Simple Games},
  journal      = {Proc. {ACM} Manag. Data},
  volume       = {2},
  number       = {1},
  pages        = {56:1--56:28},
  year         = {2024},
  url          = {https://doi.org/10.1145/3639311},
  doi          = {10.1145/3639311},
  timestamp    = {Fri, 17 May 2024 21:40:31 +0200},
  biburl       = {https://dblp.org/rec/journals/pacmmod/LuoPXZX24.bib},
  bibsource    = {dblp computer science bibliography, https://dblp.org}
}


@article{LuoPCX22,
  author       = {Xuan Luo and
                  Jian Pei and
                  Zicun Cong and
                  Cheng Xu},
  title        = {On Shapley Value in Data Assemblage Under Independent Utility},
  journal      = {Proc. {VLDB} Endow.},
  volume       = {15},
  number       = {11},
  pages        = {2761--2773},
  year         = {2022},
  url          = {https://www.vldb.org/pvldb/vol15/p2761-luo.pdf},
  doi          = {10.14778/3551793.3551829},
  timestamp    = {Mon, 05 Feb 2024 20:21:57 +0100},
  biburl       = {https://dblp.org/rec/journals/pvldb/LuoPCX22.bib},
  bibsource    = {dblp computer science bibliography, https://dblp.org}
}


@article{cummings2024advancing_DP_survey,
	author = {Cummings, Rachel and Desfontaines, Damien and Evans, David and Geambasu, Roxana and Huang, Yangsibo and Jagielski, Matthew and Kairouz, Peter and Kamath, Gautam and Oh, Sewoong and Ohrimenko, Olga and Papernot, Nicolas and Rogers, Ryan and Shen, Milan and Song, Shuang and Su, Weijie and Terzis, Andreas and Thakurta, Abhradeep and Vassilvitskii, Sergei and Wang, Yu-Xiang and Xiong, Li and Yekhanin, Sergey and Yu, Da and Zhang, Huanyu and Zhang, Wanrong},
	journal = {Harvard Data Science Review},
	number = {1},
	year = {2024},
	month = {jan 16},
	note = {https://hdsr.mitpress.mit.edu/pub/sl9we8gh},
	publisher = {},
	title = {
{Advancing} {Differential} {Privacy}: Where {We} {Are} {Now} and {Future} {Directions} for {Real}-{World} {Deployment}

},
	volume = {6},
}


@inproceedings{vadhan2021concurrent,
  title={Concurrent composition of differential privacy},
  author={Vadhan, Salil and Wang, Tianhao},
  booktitle={Theory of Cryptography: 19th International Conference, TCC 2021, Raleigh, NC, USA, November 8--11, 2021, Proceedings, Part II 19},
  pages={582--604},
  year={2021},
  organization={Springer}
}

@article{dong2024continual,
  title={Continual Observation of Joins under Differential Privacy},
  author={Dong, Wei and Chen, Zijun and Luo, Qiyao and Shi, Elaine and Yi, Ke},
  journal={Proceedings of the ACM on Management of Data},
  volume={2},
  number={3},
  pages={1--27},
  year={2024},
  publisher={ACM New York, NY, USA}
}

@article{dong23composition,
  author       = {Wei Dong and
                  Dajun Sun and
                  Ke Yi},
  title        = {Better than Composition: How to Answer Multiple Relational Queries
                  under Differential Privacy},
  journal      = {Proc. {ACM} Manag. Data},
  volume       = {1},
  number       = {2},
  pages        = {123:1--123:26},
  year         = {2023},
  url          = {https://doi.org/10.1145/3589268},
  doi          = {10.1145/3589268},
  timestamp    = {Fri, 07 Jul 2023 23:32:33 +0200},
  biburl       = {https://dblp.org/rec/journals/pacmmod/0007S023.bib},
  bibsource    = {dblp computer science bibliography, https://dblp.org}
}

@inproceedings{FangD022shifted,
  author       = {Juanru Fang and
                  Wei Dong and
                  Ke Yi},
  editor       = {Heng Yin and
                  Angelos Stavrou and
                  Cas Cremers and
                  Elaine Shi},
  title        = {Shifted Inverse: {A} General Mechanism for Monotonic Functions under
                  User Differential Privacy},
  booktitle    = {Proceedings of the 2022 {ACM} {SIGSAC} Conference on Computer and
                  Communications Security, {CCS} 2022, Los Angeles, CA, USA, November
                  7-11, 2022},
  pages        = {1009--1022},
  publisher    = {{ACM}},
  year         = {2022},
  url          = {https://doi.org/10.1145/3548606.3560567},
  doi          = {10.1145/3548606.3560567},
  timestamp    = {Sun, 12 Nov 2023 02:11:41 +0100},
  biburl       = {https://dblp.org/rec/conf/ccs/FangD022.bib},
  bibsource    = {dblp computer science bibliography, https://dblp.org}
}

@inproceedings{DongLY23continual,
  author       = {Wei Dong and
                  Qiyao Luo and
                  Ke Yi},
  title        = {Continual Observation under User-level Differential Privacy},
  booktitle    = {44th {IEEE} Symposium on Security and Privacy, {SP} 2023, San Francisco,
                  CA, USA, May 21-25, 2023},
  pages        = {2190--2207},
  publisher    = {{IEEE}},
  year         = {2023},
  url          = {https://doi.org/10.1109/SP46215.2023.10179466},
  doi          = {10.1109/SP46215.2023.10179466},
  timestamp    = {Sun, 12 Nov 2023 02:10:02 +0100},
  biburl       = {https://dblp.org/rec/conf/sp/DongLY23.bib},
  bibsource    = {dblp computer science bibliography, https://dblp.org}
}

@inproceedings{QiuD0WL22releasing,
  author       = {Yuan Qiu and
                  Wei Dong and
                  Ke Yi and
                  Bin Wu and
                  Feifei Li},
  editor       = {Aidong Zhang and
                  Huzefa Rangwala},
  title        = {Releasing Private Data for Numerical Queries},
  booktitle    = {{KDD} '22: The 28th {ACM} {SIGKDD} Conference on Knowledge Discovery
                  and Data Mining, Washington, DC, USA, August 14 - 18, 2022},
  pages        = {1410--1419},
  publisher    = {{ACM}},
  year         = {2022},
  url          = {https://doi.org/10.1145/3534678.3539424},
  doi          = {10.1145/3534678.3539424},
  timestamp    = {Tue, 07 May 2024 20:08:08 +0200},
  biburl       = {https://dblp.org/rec/conf/kdd/QiuD0WL22.bib},
  bibsource    = {dblp computer science bibliography, https://dblp.org}
}

@article{near2019duet,
  title={Duet: an expressive higher-order language and linear type system for statically enforcing differential privacy},
  author={Near, Joseph P and Darais, David and Abuah, Chike and Stevens, Tim and Gaddamadugu, Pranav and Wang, Lun and Somani, Neel and Zhang, Mu and Sharma, Nikhil and Shan, Alex and others},
  journal={Proceedings of the ACM on Programming Languages},
  volume={3},
  number={OOPSLA},
  pages={1--30},
  year={2019},
  publisher={ACM New York, NY, USA}
}

@article{toro2023contextual,
  title={Contextual linear types for differential privacy},
  author={Toro, Mat{\'\i}as and Darais, David and Abuah, Chike and Near, Joseph P and {\'A}rquez, Dami{\'a}n and Olmedo, Federico and Tanter, {\'E}ric},
  journal={ACM Transactions on Programming Languages and Systems},
  volume={45},
  number={2},
  pages={1--69},
  year={2023},
  publisher={ACM New York, NY}
}

@inproceedings{abuah2021dduo,
  title={DDUO: General-purpose dynamic analysis for differential privacy},
  author={Abuah, Chike and Silence, Alex and Darais, David and Near, Joseph P},
  booktitle={2021 IEEE 34th Computer Security Foundations Symposium (CSF)},
  pages={1--15},
  year={2021},
  organization={IEEE}
}

@inproceedings{wang2021dpgen,
  title={DPGen: Automated program synthesis for differential privacy},
  author={Wang, Yuxin and Ding, Zeyu and Xiao, Yingtai and Kifer, Daniel and Zhang, Danfeng},
  booktitle={Proceedings of the 2021 ACM SIGSAC Conference on Computer and Communications Security},
  pages={393--411},
  year={2021}
}

@inproceedings{bichsel2018dp,
  title={Dp-finder: Finding differential privacy violations by sampling and optimization},
  author={Bichsel, Benjamin and Gehr, Timon and Drachsler-Cohen, Dana and Tsankov, Petar and Vechev, Martin},
  booktitle={Proceedings of the 2018 ACM SIGSAC Conference on Computer and Communications Security},
  pages={508--524},
  year={2018}
}

@inproceedings{bichsel2021dp,
  title={Dp-sniper: Black-box discovery of differential privacy violations using classifiers},
  author={Bichsel, Benjamin and Steffen, Samuel and Bogunovic, Ilija and Vechev, Martin},
  booktitle={2021 IEEE Symposium on Security and Privacy (SP)},
  pages={391--409},
  year={2021},
  organization={IEEE}
}

@inproceedings{wang2020checkdp,
  title={Checkdp: An automated and integrated approach for proving differential privacy or finding precise counterexamples},
  author={Wang, Yuxin and Ding, Zeyu and Kifer, Daniel and Zhang, Danfeng},
  booktitle={Proceedings of the 2020 ACM SIGSAC Conference on Computer and Communications Security},
  pages={919--938},
  year={2020}
}

@inproceedings{wang2019proving,
  title={Proving differential privacy with shadow execution},
  author={Wang, Yuxin and Ding, Zeyu and Wang, Guanhong and Kifer, Daniel and Zhang, Danfeng},
  booktitle={Proceedings of the 40th ACM SIGPLAN Conference on Programming Language Design and Implementation},
  pages={655--669},
  year={2019}
}

@inproceedings{ding2018detecting,
  title={Detecting violations of differential privacy},
  author={Ding, Zeyu and Wang, Yuxin and Wang, Guanhong and Zhang, Danfeng and Kifer, Daniel},
  booktitle={Proceedings of the 2018 ACM SIGSAC Conference on Computer and Communications Security},
  pages={475--489},
  year={2018}
}

@inproceedings{barthe2020deciding,
  title={Deciding differential privacy for programs with finite inputs and outputs},
  author={Barthe, Gilles and Chadha, Rohit and Jagannath, Vishal and Sistla, A Prasad and Viswanathan, Mahesh},
  booktitle={Proceedings of the 35th Annual ACM/IEEE Symposium on Logic in Computer Science},
  pages={141--154},
  year={2020}
}

@inproceedings{dong2023universal,
  title={Universal private estimators},
  author={Dong, Wei and Yi, Ke},
  booktitle={Proceedings of the 42nd ACM SIGMOD-SIGACT-SIGAI Symposium on Principles of Database Systems},
  pages={195--206},
  year={2023}
}

@article{kellaris2014differentially,
  title={Differentially Private Event Sequences over Infinite Streams},
  author={Kellaris, Georgios and Papadopoulos, Stavros and Xiao, Xiaokui and Papadias, Dimitris},
  journal={Proceedings of the VLDB Endowment},
  volume={7},
  number={12},
  year={2014},
  publisher={Citeseer}
}

@inproceedings{zhang2017lightdp,
  title={LightDP: Towards automating differential privacy proofs},
  author={Zhang, Danfeng and Kifer, Daniel},
  booktitle={Proceedings of the 44th ACM SIGPLAN Symposium on Principles of Programming Languages},
  pages={888--901},
  year={2017}
}

@article{abuah2022solo,
  title={Solo: a lightweight static analysis for differential privacy},
  author={Abuah, Chike and Darais, David and Near, Joseph P},
  journal={Proceedings of the ACM on Programming Languages},
  volume={6},
  number={OOPSLA2},
  pages={699--728},
  year={2022},
  publisher={ACM New York, NY, USA}
}

@inproceedings{dong22covariance,
  author       = {Wei Dong and
                  Yuting Liang and
                  Ke Yi},
  editor       = {Sanmi Koyejo and
                  S. Mohamed and
                  A. Agarwal and
                  Danielle Belgrave and
                  K. Cho and
                  A. Oh},
  title        = {Differentially Private Covariance Revisited},
  booktitle    = {Advances in Neural Information Processing Systems 35: Annual Conference
                  on Neural Information Processing Systems 2022, NeurIPS 2022, New Orleans,
                  LA, USA, November 28 - December 9, 2022},
  year         = {2022},
  url          = {http://papers.nips.cc/paper\_files/paper/2022/hash/057405fd73dd7ba7f32a7cb34fb7c7f5-Abstract-Conference.html},
  timestamp    = {Mon, 08 Jan 2024 16:31:26 +0100},
  biburl       = {https://dblp.org/rec/conf/nips/0007L022.bib},
  bibsource    = {dblp computer science bibliography, https://dblp.org}
}

@article{SunDY23CI,
  author       = {Dajun Sun and
                  Wei Dong and
                  Ke Yi},
  title        = {Confidence Intervals for Private Query Processing},
  journal      = {Proc. {VLDB} Endow.},
  volume       = {17},
  number       = {3},
  pages        = {373--385},
  year         = {2023},
  url          = {https://www.vldb.org/pvldb/vol17/p373-sun.pdf},
  timestamp    = {Tue, 26 Mar 2024 22:14:29 +0100},
  biburl       = {https://dblp.org/rec/journals/pvldb/SunDY23.bib},
  bibsource    = {dblp computer science bibliography, https://dblp.org}
}

@article{TaoGMR22DPXPlain,
  author       = {Yuchao Tao and
                  Amir Gilad and
                  Ashwin Machanavajjhala and
                  Sudeepa Roy},
  title        = {DPXPlain: Privately Explaining Aggregate Query Answers},
  journal      = {Proc. {VLDB} Endow.},
  volume       = {16},
  number       = {1},
  pages        = {113--126},
  year         = {2022},
  url          = {https://www.vldb.org/pvldb/vol16/p113-tao.pdf},
  doi          = {10.14778/3561261.3561271},
  timestamp    = {Mon, 23 Oct 2023 16:16:16 +0200},
  biburl       = {https://dblp.org/rec/journals/pvldb/TaoGMR22.bib},
  bibsource    = {dblp computer science bibliography, https://dblp.org}
}

@inproceedings{cummings2021need,
  title={" I need a better description": An Investigation Into User Expectations For Differential Privacy},
  author={Cummings, Rachel and Kaptchuk, Gabriel and Redmiles, Elissa M},
  booktitle={Proceedings of the 2021 ACM SIGSAC Conference on Computer and Communications Security},
  pages={3037--3052},
  year={2021}
}

@inproceedings{vadhan2023concurrent,
  title={Concurrent composition theorems for differential privacy},
  author={Vadhan, Salil and Zhang, Wanrong},
  booktitle={Proceedings of the 55th Annual ACM Symposium on Theory of Computing},
  pages={507--519},
  year={2023}
}
	
@inproceedings{pioneer,
  author    = {Shangfu Peng and
               Yin Yang and
               Zhenjie Zhang and
               Marianne Winslett and
               Yong Yu},
  editor    = {Christian S. Jensen and
               Christopher M. Jermaine and
               Xiaofang Zhou},
  title     = {Query optimization for differentially private data management systems},
  booktitle = {29th {IEEE} International Conference on Data Engineering, {ICDE} 2013,
               Brisbane, Australia, April 8-12, 2013},
  pages     = {1093--1104},
  publisher = {{IEEE} Computer Society},
  year      = {2013},
  url       = {https://doi.org/10.1109/ICDE.2013.6544900},
  doi       = {10.1109/ICDE.2013.6544900},
  timestamp = {Fri, 24 Mar 2023 00:00:01 +0100},
  biburl    = {https://dblp.org/rec/conf/icde/PengYZWY13.bib},
  bibsource = {dblp computer science bibliography, https://dblp.org}
}

@inproceedings{jorgensen2015personalized,
  author    = {Zach Jorgensen and
               Ting Yu and
               Graham Cormode},
  editor    = {Johannes Gehrke and
               Wolfgang Lehner and
               Kyuseok Shim and
               Sang Kyun Cha and
               Guy M. Lohman},
  title     = {Conservative or liberal? Personalized differential privacy},
  booktitle = {31st {IEEE} International Conference on Data Engineering, {ICDE} 2015,
               Seoul, South Korea, April 13-17, 2015},
  pages     = {1023--1034},
  publisher = {{IEEE} Computer Society},
  year      = {2015},
  url       = {https://doi.org/10.1109/ICDE.2015.7113353},
  doi       = {10.1109/ICDE.2015.7113353},
  timestamp = {Thu, 23 Mar 2023 23:59:58 +0100},
  biburl    = {https://dblp.org/rec/conf/icde/JorgensenYC15.bib},
  bibsource = {dblp computer science bibliography, https://dblp.org}
}

@inproceedings{nissim2007smooth,
  author    = {Kobbi Nissim and
               Sofya Raskhodnikova and
               Adam D. Smith},
  editor    = {David S. Johnson and
               Uriel Feige},
  title     = {Smooth sensitivity and sampling in private data analysis},
  booktitle = {Proceedings of the 39th Annual {ACM} Symposium on Theory of Computing,
               San Diego, California, USA, June 11-13, 2007},
  pages     = {75--84},
  publisher = {{ACM}},
  year      = {2007},
  url       = {https://doi.org/10.1145/1250790.1250803},
  doi       = {10.1145/1250790.1250803},
  timestamp = {Tue, 06 Nov 2018 11:07:05 +0100},
  biburl    = {https://dblp.org/rec/conf/stoc/NissimRS07.bib},
  bibsource = {dblp computer science bibliography, https://dblp.org}
}

@inproceedings{ge2019apex,
  author    = {Chang Ge and
               Xi He and
               Ihab F. Ilyas and
               Ashwin Machanavajjhala},
  editor    = {Peter A. Boncz and
               Stefan Manegold and
               Anastasia Ailamaki and
               Amol Deshpande and
               Tim Kraska},
  title     = {APEx: Accuracy-Aware Differentially Private Data Exploration},
  booktitle = {Proceedings of the 2019 International Conference on Management of
               Data, {SIGMOD} Conference 2019, Amsterdam, The Netherlands, June 30
               - July 5, 2019},
  pages     = {177--194},
  publisher = {{ACM}},
  year      = {2019},
  url       = {https://doi.org/10.1145/3299869.3300092},
  doi       = {10.1145/3299869.3300092},
  timestamp = {Sun, 02 Oct 2022 16:15:19 +0200},
  biburl    = {https://dblp.org/rec/conf/sigmod/0002HIM19.bib},
  bibsource = {dblp computer science bibliography, https://dblp.org}
}

@inproceedings{lobo2020programming,
  author    = {Elisabet Lobo Vesga and
               Alejandro Russo and
               Marco Gaboardi},
  title     = {A Programming Framework for Differential Privacy with Accuracy Concentration
               Bounds},
  booktitle = {2020 {IEEE} Symposium on Security and Privacy, {SP} 2020, San Francisco,
               CA, USA, May 18-21, 2020},
  pages     = {411--428},
  publisher = {{IEEE}},
  year      = {2020},
  url       = {https://doi.org/10.1109/SP40000.2020.00086},
  doi       = {10.1109/SP40000.2020.00086},
  timestamp = {Thu, 20 Aug 2020 17:04:50 +0200},
  biburl    = {https://dblp.org/rec/conf/sp/VesgaRG20.bib},
  bibsource = {dblp computer science bibliography, https://dblp.org}
}

@inproceedings{dong2021residual,
  author    = {Wei Dong and
               Ke Yi},
  editor    = {Guoliang Li and
               Zhanhuai Li and
               Stratos Idreos and
               Divesh Srivastava},
  title     = {Residual Sensitivity for Differentially Private Multi-Way Joins},
  booktitle = {{SIGMOD} '21: International Conference on Management of Data, Virtual
               Event, China, June 20-25, 2021},
  pages     = {432--444},
  publisher = {{ACM}},
  year      = {2021},
  url       = {https://doi.org/10.1145/3448016.3452813},
  doi       = {10.1145/3448016.3452813},
  timestamp = {Fri, 23 Dec 2022 10:02:56 +0100},
  biburl    = {https://dblp.org/rec/conf/sigmod/Dong021.bib},
  bibsource = {dblp computer science bibliography, https://dblp.org}
}

@inproceedings{dong2022r2t,
  author    = {Wei Dong and
               Juanru Fang and
               Ke Yi and
               Yuchao Tao and
               Ashwin Machanavajjhala},
  editor    = {Zachary G. Ives and
               Angela Bonifati and
               Amr El Abbadi},
  title     = {{R2T:} Instance-optimal Truncation for Differentially Private Query
               Evaluation with Foreign Keys},
  booktitle = {{SIGMOD} '22: International Conference on Management of Data, Philadelphia,
               PA, USA, June 12 - 17, 2022},
  pages     = {759--772},
  publisher = {{ACM}},
  year      = {2022},
  url       = {https://doi.org/10.1145/3514221.3517844},
  doi       = {10.1145/3514221.3517844},
  timestamp = {Thu, 16 Mar 2023 09:51:25 +0100},
  biburl    = {https://dblp.org/rec/conf/sigmod/DongF0TM22.bib},
  bibsource = {dblp computer science bibliography, https://dblp.org}
}

@inproceedings{yu2022thwarting,
  author    = {Le Yu and
               Shufan Zhang and
               Lu Zhou and
               Yan Meng and
               Suguo Du and
               Haojin Zhu},
  title     = {Thwarting Longitudinal Location Exposure Attacks in Advertising Ecosystem
               via Edge Computing},
  booktitle = {42nd {IEEE} International Conference on Distributed Computing Systems,
               {ICDCS} 2022, Bologna, Italy, July 10-13, 2022},
  pages     = {470--480},
  publisher = {{IEEE}},
  year      = {2022},
  url       = {https://doi.org/10.1109/ICDCS54860.2022.00052},
  doi       = {10.1109/ICDCS54860.2022.00052},
  timestamp = {Thu, 20 Oct 2022 09:13:03 +0200},
  biburl    = {https://dblp.org/rec/conf/icdcs/YuZZMDZ22.bib},
  bibsource = {dblp computer science bibliography, https://dblp.org}
}

@article{he2015dpt,
  author    = {Xi He and
               Graham Cormode and
               Ashwin Machanavajjhala and
               Cecilia M. Procopiuc and
               Divesh Srivastava},
  title     = {{DPT:} Differentially Private Trajectory Synthesis Using Hierarchical
               Reference Systems},
  journal   = {Proc. {VLDB} Endow.},
  volume    = {8},
  number    = {11},
  pages     = {1154--1165},
  year      = {2015},
  url       = {http://www.vldb.org/pvldb/vol8/p1154-he.pdf},
  doi       = {10.14778/2809974.2809978},
  timestamp = {Sat, 25 Apr 2020 13:59:29 +0200},
  biburl    = {https://dblp.org/rec/journals/pvldb/HeCMPS15.bib},
  bibsource = {dblp computer science bibliography, https://dblp.org}
}

@mastersthesis{zhang2022DProvSQL,
  title={{DProvSQL}: Accuracy-Aware Privacy Provenance Framework for Differentially Private SQL Engine},
  author={Zhang, Shufan},
  year={2022},
  school={University of Waterloo}
}


@inproceedings{he2014blowfish,
  author    = {Xi He and
               Ashwin Machanavajjhala and
               Bolin Ding},
  editor    = {Curtis E. Dyreson and
               Feifei Li and
               M. Tamer {\"{O}}zsu},
  title     = {Blowfish privacy: tuning privacy-utility trade-offs using policies},
  booktitle = {International Conference on Management of Data, {SIGMOD} 2014, Snowbird,
               UT, USA, June 22-27, 2014},
  pages     = {1447--1458},
  publisher = {{ACM}},
  year      = {2014},
  url       = {https://doi.org/10.1145/2588555.2588581},
  doi       = {10.1145/2588555.2588581},
  timestamp = {Thu, 16 Apr 2020 08:52:33 +0200},
  biburl    = {https://dblp.org/rec/conf/sigmod/HeMD14.bib},
  bibsource = {dblp computer science bibliography, https://dblp.org}
}

@inproceedings{dong2021nearly,
  author    = {Wei Dong and
               Ke Yi},
  editor    = {Leonid Libkin and
               Pablo Barcel{\'{o}}},
  title     = {A Nearly Instance-optimal Differentially Private Mechanism for Conjunctive
               Queries},
  booktitle = {{PODS} '22: International Conference on Management of Data, Philadelphia,
               PA, USA, June 12 - 17, 2022},
  pages     = {213--225},
  publisher = {{ACM}},
  year      = {2022},
  url       = {https://doi.org/10.1145/3517804.3524143},
  doi       = {10.1145/3517804.3524143},
  timestamp = {Fri, 23 Dec 2022 10:02:50 +0100},
  biburl    = {https://dblp.org/rec/conf/pods/Dong022.bib},
  bibsource = {dblp computer science bibliography, https://dblp.org}
}

@inproceedings{MirMNW11panprivate,
  author       = {Darakhshan J. Mir and
                  S. Muthukrishnan and
                  Aleksandar Nikolov and
                  Rebecca N. Wright},
  editor       = {Maurizio Lenzerini and
                  Thomas Schwentick},
  title        = {Pan-private algorithms via statistics on sketches},
  booktitle    = {Proceedings of the 30th {ACM} {SIGMOD-SIGACT-SIGART} Symposium on
                  Principles of Database Systems, {PODS} 2011, June 12-16, 2011, Athens,
                  Greece},
  pages        = {37--48},
  publisher    = {{ACM}},
  year         = {2011},
  url          = {https://doi.org/10.1145/1989284.1989290},
  doi          = {10.1145/1989284.1989290},
  timestamp    = {Mon, 10 May 2021 12:18:47 +0200},
  biburl       = {https://dblp.org/rec/conf/pods/MirMNW11.bib},
  bibsource    = {dblp computer science bibliography, https://dblp.org}
}

@inproceedings{DworkNPRY10panprivate,
  author       = {Cynthia Dwork and
                  Moni Naor and
                  Toniann Pitassi and
                  Guy N. Rothblum and
                  Sergey Yekhanin},
  editor       = {Andrew Chi{-}Chih Yao},
  title        = {Pan-Private Streaming Algorithms},
  booktitle    = {Innovations in Computer Science - {ICS} 2010, Tsinghua University,
                  Beijing, China, January 5-7, 2010. Proceedings},
  pages        = {66--80},
  publisher    = {Tsinghua University Press},
  year         = {2010},
  url          = {http://conference.iiis.tsinghua.edu.cn/ICS2010/content/papers/6.html},
  timestamp    = {Wed, 04 Sep 2019 15:35:44 +0200},
  biburl       = {https://dblp.org/rec/conf/innovations/DworkNPRY10.bib},
  bibsource    = {dblp computer science bibliography, https://dblp.org}
}

@inproceedings{BirgissonMA11DP_provenance_information_flow,
  author       = {Arnar Birgisson and
                  Frank McSherry and
                  Mart{\'{\i}}n Abadi},
  editor       = {Aslan Askarov and
                  Joshua D. Guttman},
  title        = {Differential privacy with information flow control},
  booktitle    = {Proceedings of the 2011 Workshop on Programming Languages and Analysis
                  for Security, {PLAS} 2011, San Jose, CA, USA, 5 June, 2011},
  pages        = {2},
  publisher    = {{ACM}},
  year         = {2011},
  url          = {https://doi.org/10.1145/2166956.2166958},
  doi          = {10.1145/2166956.2166958},
  timestamp    = {Tue, 06 Nov 2018 16:59:30 +0100},
  biburl       = {https://dblp.org/rec/conf/pldi/BirgissonMA11.bib},
  bibsource    = {dblp computer science bibliography, https://dblp.org}
}

@article{levy2021learning,
  title={Learning with user-level privacy},
  author={Levy, Daniel and Sun, Ziteng and Amin, Kareem and Kale, Satyen and Kulesza, Alex and Mohri, Mehryar and Suresh, Ananda Theertha},
  journal={Advances in Neural Information Processing Systems},
  volume={34},
  pages={12466--12479},
  year={2021}
}

@inproceedings{ebadi2015differential,
  author    = {Hamid Ebadi and
               David Sands and
               Gerardo Schneider},
  editor    = {Sriram K. Rajamani and
               David Walker},
  title     = {Differential Privacy: Now it's Getting Personal},
  booktitle = {Proceedings of the 42nd Annual {ACM} {SIGPLAN-SIGACT} Symposium on
               Principles of Programming Languages, {POPL} 2015, Mumbai, India, January
               15-17, 2015},
  pages     = {69--81},
  publisher = {{ACM}},
  year      = {2015},
  url       = {https://doi.org/10.1145/2676726.2677005},
  doi       = {10.1145/2676726.2677005},
  timestamp = {Wed, 23 Jun 2021 17:06:05 +0200},
  biburl    = {https://dblp.org/rec/conf/popl/EbadiSS15.bib},
  bibsource = {dblp computer science bibliography, https://dblp.org}
}

@article{ding19free,
  author    = {Zeyu Ding and
               Yuxin Wang and
               Danfeng Zhang and
               Dan Kifer},
  title     = {Free Gap Information from the Differentially Private Sparse Vector
               and Noisy Max Mechanisms},
  journal   = {Proc. {VLDB} Endow.},
  volume    = {13},
  number    = {3},
  pages     = {293--306},
  year      = {2019},
  url       = {http://www.vldb.org/pvldb/vol13/p293-ding.pdf},
  doi       = {10.14778/3368289.3368295}
}

@inproceedings{dwork2006our,
  author    = {Cynthia Dwork and
               Krishnaram Kenthapadi and
               Frank McSherry and
               Ilya Mironov and
               Moni Naor},
  editor    = {Serge Vaudenay},
  title     = {Our Data, Ourselves: Privacy Via Distributed Noise Generation},
  booktitle = {Advances in Cryptology - {EUROCRYPT} 2006, 25th Annual International
               Conference on the Theory and Applications of Cryptographic Techniques,
               St. Petersburg, Russia, May 28 - June 1, 2006, Proceedings},
  series    = {Lecture Notes in Computer Science},
  volume    = {4004},
  pages     = {486--503},
  publisher = {Springer},
  year      = {2006},
  url       = {https://doi.org/10.1007/11761679\_29},
  doi       = {10.1007/11761679\_29},
  timestamp = {Tue, 14 May 2019 10:00:53 +0200},
  biburl    = {https://dblp.org/rec/conf/eurocrypt/DworkKMMN06.bib},
  bibsource = {dblp computer science bibliography, https://dblp.org}
}

@inproceedings{zhang2018ektelo,
  author    = {Dan Zhang and
               Ryan McKenna and
               Ios Kotsogiannis and
               Michael Hay and
               Ashwin Machanavajjhala and
               Gerome Miklau},
  editor    = {Gautam Das and
               Christopher M. Jermaine and
               Philip A. Bernstein},
  title     = {{EKTELO:} {A} Framework for Defining Differentially-Private Computations},
  booktitle = {Proceedings of the 2018 International Conference on Management of
               Data, {SIGMOD} Conference 2018, Houston, TX, USA, June 10-15, 2018},
  pages     = {115--130},
  publisher = {{ACM}},
  year      = {2018},
  url       = {https://doi.org/10.1145/3183713.3196921},
  doi       = {10.1145/3183713.3196921},
  timestamp = {Wed, 21 Nov 2018 12:44:08 +0100},
  biburl    = {https://dblp.org/rec/conf/sigmod/ZhangMKHMM18.bib},
  bibsource = {dblp computer science bibliography, https://dblp.org}
}

@article{xiao2021optimizing,
  author    = {Yingtai Xiao and
               Zeyu Ding and
               Yuxin Wang and
               Danfeng Zhang and
               Daniel Kifer},
  title     = {Optimizing Fitness-For-Use of Differentially Private Linear Queries},
  journal   = {Proc. {VLDB} Endow.},
  volume    = {14},
  number    = {10},
  pages     = {1730--1742},
  year      = {2021},
  url       = {http://www.vldb.org/pvldb/vol14/p1730-xiao.pdf},
  doi       = {10.14778/3467861.3467864},
  timestamp = {Tue, 21 Mar 2023 21:05:57 +0100},
  biburl    = {https://dblp.org/rec/journals/pvldb/XiaoDWZK21.bib},
  bibsource = {dblp computer science bibliography, https://dblp.org}
}

@article{qardaji2013understanding,
  author    = {Wahbeh H. Qardaji and
               Weining Yang and
               Ninghui Li},
  title     = {Understanding Hierarchical Methods for Differentially Private Histograms},
  journal   = {Proc. {VLDB} Endow.},
  volume    = {6},
  number    = {14},
  pages     = {1954--1965},
  year      = {2013},
  url       = {http://www.vldb.org/pvldb/vol6/p1954-qardaji.pdf},
  doi       = {10.14778/2556549.2556576},
  timestamp = {Sat, 25 Apr 2020 13:59:06 +0200},
  biburl    = {https://dblp.org/rec/journals/pvldb/QardajiYL13.bib},
  bibsource = {dblp computer science bibliography, https://dblp.org}
}

@article{li2014data,
  author    = {Chao Li and
               Michael Hay and
               Gerome Miklau and
               Yue Wang},
  title     = {A Data- and Workload-Aware Query Answering Algorithm for Range Queries
               Under Differential Privacy},
  journal   = {Proc. {VLDB} Endow.},
  volume    = {7},
  number    = {5},
  pages     = {341--352},
  year      = {2014},
  url       = {http://www.vldb.org/pvldb/vol7/p341-li.pdf},
  doi       = {10.14778/2732269.2732271},
  timestamp = {Sat, 25 Apr 2020 13:58:33 +0200},
  biburl    = {https://dblp.org/rec/journals/pvldb/LiHMW14.bib},
  bibsource = {dblp computer science bibliography, https://dblp.org}
}

@inproceedings{blocki2013differentially,
  author    = {Jeremiah Blocki and
               Avrim Blum and
               Anupam Datta and
               Or Sheffet},
  editor    = {Robert D. Kleinberg},
  title     = {Differentially private data analysis of social networks via restricted
               sensitivity},
  booktitle = {Innovations in Theoretical Computer Science, {ITCS} '13, Berkeley,
               CA, USA, January 9-12, 2013},
  pages     = {87--96},
  publisher = {{ACM}},
  year      = {2013},
  url       = {https://doi.org/10.1145/2422436.2422449},
  doi       = {10.1145/2422436.2422449},
  timestamp = {Tue, 06 Nov 2018 11:07:34 +0100},
  biburl    = {https://dblp.org/rec/conf/innovations/BlockiBDS13.bib},
  bibsource = {dblp computer science bibliography, https://dblp.org}
}

@article{hay2010boosting,
  author    = {Michael Hay and
               Vibhor Rastogi and
               Gerome Miklau and
               Dan Suciu},
  title     = {Boosting the Accuracy of Differentially Private Histograms Through
               Consistency},
  journal   = {Proc. {VLDB} Endow.},
  volume    = {3},
  number    = {1},
  pages     = {1021--1032},
  year      = {2010},
  url       = {http://www.vldb.org/pvldb/vldb2010/pvldb\_vol3/R91.pdf},
  doi       = {10.14778/1920841.1920970},
  timestamp = {Sat, 25 Apr 2020 13:59:32 +0200},
  biburl    = {https://dblp.org/rec/journals/pvldb/HayRMS10.bib},
  bibsource = {dblp computer science bibliography, https://dblp.org}
}

@article{raskhodnikova2015efficient,
  author    = {Sofya Raskhodnikova and
               Adam D. Smith},
  title     = {Efficient Lipschitz Extensions for High-Dimensional Graph Statistics
               and Node Private Degree Distributions},
  journal   = {CoRR},
  volume    = {abs/1504.07912},
  year      = {2015},
  url       = {http://arxiv.org/abs/1504.07912},
  eprinttype = {arXiv},
  eprint    = {1504.07912},
  timestamp = {Mon, 13 Aug 2018 16:48:50 +0200},
  biburl    = {https://dblp.org/rec/journals/corr/RaskhodnikovaS15.bib},
  bibsource = {dblp computer science bibliography, https://dblp.org}
}

@inproceedings{knopf2021framework,
  author    = {Karl Knopf},
  editor    = {Guoliang Li and
               Zhanhuai Li and
               Stratos Idreos and
               Divesh Srivastava},
  title     = {Framework for Differentially Private Data Analysis with Multiple Accuracy
               Requirements},
  booktitle = {{SIGMOD} '21: International Conference on Management of Data, Virtual
               Event, China, June 20-25, 2021},
  pages     = {2890--2892},
  publisher = {{ACM}},
  year      = {2021},
  url       = {https://doi.org/10.1145/3448016.3450587},
  doi       = {10.1145/3448016.3450587},
  timestamp = {Mon, 21 Jun 2021 11:48:44 +0200},
  biburl    = {https://dblp.org/rec/conf/sigmod/Knopf21.bib},
  bibsource = {dblp computer science bibliography, https://dblp.org}
}

@article{pujol2021budget,
  author    = {David Pujol and
               Yikai Wu and
               Brandon Fain and
               Ashwin Machanavajjhala},
  title     = {Budget Sharing for Multi-Analyst Differential Privacy},
  journal   = {Proc. {VLDB} Endow.},
  volume    = {14},
  number    = {10},
  pages     = {1805--1817},
  year      = {2021},
  url       = {http://www.vldb.org/pvldb/vol14/p1805-pujol.pdf},
  doi       = {10.14778/3467861.3467870},
  timestamp = {Thu, 23 Jun 2022 19:59:52 +0200},
  biburl    = {https://dblp.org/rec/journals/pvldb/PujolWFM21.bib},
  bibsource = {dblp computer science bibliography, https://dblp.org}
}

@article{Pappachan2022tattletale,
   author    = {Primal Pappachan and
               Shufan Zhang and
               Xi He and
               Sharad Mehrotra},
  title     = {Don't Be a Tattle-Tale: Preventing Leakages through Data Dependencies
               on Access Control Protected Data},
  journal   = {Proc. {VLDB} Endow.},
  volume    = {15},
  number    = {11},
  pages     = {2437--2449},
  year      = {2022},
  url       = {https://www.vldb.org/pvldb/vol15/p2437-pappachan.pdf},
  timestamp = {Tue, 29 Nov 2022 08:34:56 +0100},
  biburl    = {https://dblp.org/rec/journals/pvldb/PappachanZHM22.bib},
  bibsource = {dblp computer science bibliography, https://dblp.org}
}

@article{PappachanZHM23,
  author       = {Primal Pappachan and
                  Shufan Zhang and
                  Xi He and
                  Sharad Mehrotra},
  title        = {Preventing Inferences through Data Dependencies on Sensitive Data
},
  journal      = {IEEE Transactions on Knowledge and Data Engineering},
  year         = {to appear},
  url = {https://doi.org/10.1109/TKDE.2023.3336630}
}

@article{Ghayyur2022mide,
  author    = {Sameera Ghayyur and
               Dhrubajyoti Ghosh and
               Xi He and
               Sharad Mehrotra},
  title     = {{MIDE:} Accuracy Aware Minimally Invasive Data Exploration For Decision
               Support},
  journal   = {Proc. {VLDB} Endow.},
  volume    = {15},
  number    = {11},
  pages     = {2653--2665},
  year      = {2022},
  url       = {https://www.vldb.org/pvldb/vol15/p2653-ghayyur.pdf},
  timestamp = {Tue, 29 Nov 2022 08:34:59 +0100},
  biburl    = {https://dblp.org/rec/journals/pvldb/GhayyurGHM22.bib},
  bibsource = {dblp computer science bibliography, https://dblp.org}
}


@inproceedings{ligett2017accuracy,
  title={Accuracy First: Selecting a Differential Privacy Level for Accuracy Constrained ERM},
  author={Katrina Ligett and Seth Neel and Aaron Roth and Bo Waggoner and Zhiwei Steven Wu},
  booktitle={Neural Information Processing Systems},
  year={2017},
  url={https://api.semanticscholar.org/CorpusID:19294675}
}



@article{xiao2010differential,
  author    = {Xiaokui Xiao and
               Guozhang Wang and
               Johannes Gehrke},
  title     = {Differential Privacy via Wavelet Transforms},
  journal   = {{IEEE} Trans. Knowl. Data Eng.},
  volume    = {23},
  number    = {8},
  pages     = {1200--1214},
  year      = {2011},
  url       = {https://doi.org/10.1109/TKDE.2010.247},
  doi       = {10.1109/TKDE.2010.247},
  timestamp = {Thu, 08 Jun 2017 09:04:15 +0200},
  biburl    = {https://dblp.org/rec/journals/tkde/XiaoWG11.bib},
  bibsource = {dblp computer science bibliography, https://dblp.org}
}

@inproceedings{mohan2012gupt,
  author    = {Prashanth Mohan and
               Abhradeep Thakurta and
               Elaine Shi and
               Dawn Song and
               David E. Culler},
  editor    = {K. Sel{\c{c}}uk Candan and
               Yi Chen and
               Richard T. Snodgrass and
               Luis Gravano and
               Ariel Fuxman},
  title     = {{GUPT:} privacy preserving data analysis made easy},
  booktitle = {Proceedings of the {ACM} {SIGMOD} International Conference on Management
               of Data, {SIGMOD} 2012, Scottsdale, AZ, USA, May 20-24, 2012},
  pages     = {349--360},
  publisher = {{ACM}},
  year      = {2012},
  url       = {https://doi.org/10.1145/2213836.2213876},
  doi       = {10.1145/2213836.2213876},
  timestamp = {Tue, 06 Nov 2018 11:07:39 +0100},
  biburl    = {https://dblp.org/rec/conf/sigmod/MohanTSSC12.bib},
  bibsource = {dblp computer science bibliography, https://dblp.org}
}

@article{jarvelin2002cumulated,
  author    = {Kalervo J{\"{a}}rvelin and
               Jaana Kek{\"{a}}l{\"{a}}inen},
  title     = {Cumulated gain-based evaluation of {IR} techniques},
  journal   = {{ACM} Trans. Inf. Syst.},
  volume    = {20},
  number    = {4},
  pages     = {422--446},
  year      = {2002},
  url       = {http://doi.acm.org/10.1145/582415.582418},
  doi       = {10.1145/582415.582418},
  timestamp = {Fri, 09 Jun 2017 11:03:19 +0200},
  biburl    = {https://dblp.org/rec/journals/tois/JarvelinK02.bib},
  bibsource = {dblp computer science bibliography, https://dblp.org}
}

@article{rogers2020linkedin,
  title={LinkedIn's Audience Engagements API: A privacy preserving data analytics system at scale},
  author={Rogers, Ryan and Subramaniam, Subbu and Peng, Sean and Durfee, David and Lee, Seunghyun and Kancha, Santosh Kumar and Sahay, Shraddha and Ahammad, Parvez},
  journal={arXiv preprint arXiv:2002.05839},
  year={2020}
}

@inproceedings{wang2013theoretical,
  author    = {Yining Wang and
               Liwei Wang and
               Yuanzhi Li and
               Di He and
               Tie{-}Yan Liu},
  editor    = {Shai Shalev{-}Shwartz and
               Ingo Steinwart},
  title     = {A Theoretical Analysis of {NDCG} Type Ranking Measures},
  booktitle = {{COLT} 2013 - The 26th Annual Conference on Learning Theory, June
               12-14, 2013, Princeton University, NJ, {USA}},
  series    = {{JMLR} Workshop and Conference Proceedings},
  volume    = {30},
  pages     = {25--54},
  publisher = {JMLR.org},
  year      = {2013},
  url       = {http://proceedings.mlr.press/v30/Wang13.html},
  timestamp = {Wed, 17 Feb 2021 09:07:04 +0100},
  biburl    = {https://dblp.org/rec/conf/colt/WangWLHL13.bib},
  bibsource = {dblp computer science bibliography, https://dblp.org}
}

@inproceedings{bun2016concentrated,
  author    = {Mark Bun and
               Thomas Steinke},
  editor    = {Martin Hirt and
               Adam D. Smith},
  title     = {Concentrated Differential Privacy: Simplifications, Extensions, and
               Lower Bounds},
  booktitle = {Theory of Cryptography - 14th International Conference, {TCC} 2016-B,
               Beijing, China, October 31 - November 3, 2016, Proceedings, Part {I}},
  series    = {Lecture Notes in Computer Science},
  volume    = {9985},
  pages     = {635--658},
  year      = {2016},
  url       = {https://doi.org/10.1007/978-3-662-53641-4\_24},
  doi       = {10.1007/978-3-662-53641-4\_24},
  timestamp = {Sun, 14 Mar 2021 11:53:08 +0100},
  biburl    = {https://dblp.org/rec/conf/tcc/BunS16.bib},
  bibsource = {dblp computer science bibliography, https://dblp.org}
}

@article{dwork2016concentrated,
  author    = {Cynthia Dwork and
               Guy N. Rothblum},
  title     = {Concentrated Differential Privacy},
  journal   = {CoRR},
  volume    = {abs/1603.01887},
  year      = {2016},
  url       = {http://arxiv.org/abs/1603.01887},
  eprinttype = {arXiv},
  eprint    = {1603.01887},
  timestamp = {Mon, 13 Aug 2018 16:47:31 +0200},
  biburl    = {https://dblp.org/rec/journals/corr/DworkR16.bib},
  bibsource = {dblp computer science bibliography, https://dblp.org}
}

@misc{tpch_dataset ,
author = "The Transaction Processing Performance Council",
year = "2008",
title = "The TPC Benchmark H (TPC-H).",
url = "https://www.tpc.org/tpch/" }

@article{cheney2009provenance,
  author    = {James Cheney and
               Laura Chiticariu and
               Wang Chiew Tan},
  title     = {Provenance in Databases: Why, How, and Where},
  journal   = {Found. Trends Databases},
  volume    = {1},
  number    = {4},
  pages     = {379--474},
  year      = {2009},
  url       = {https://doi.org/10.1561/1900000006},
  doi       = {10.1561/1900000006},
  timestamp = {Wed, 07 Dec 2022 23:05:58 +0100},
  biburl    = {https://dblp.org/rec/journals/ftdb/CheneyCT09.bib},
  bibsource = {dblp computer science bibliography, https://dblp.org}
}

@inproceedings{damgaard2007scalable,
  author    = {Ivan Damg{\aa}rd and
               Jesper Buus Nielsen},
  editor    = {Alfred Menezes},
  title     = {Scalable and Unconditionally Secure Multiparty Computation},
  booktitle = {Advances in Cryptology - {CRYPTO} 2007, 27th Annual International
               Cryptology Conference, Santa Barbara, CA, USA, August 19-23, 2007,
               Proceedings},
  series    = {Lecture Notes in Computer Science},
  volume    = {4622},
  pages     = {572--590},
  publisher = {Springer},
  year      = {2007},
  url       = {https://doi.org/10.1007/978-3-540-74143-5\_32},
  doi       = {10.1007/978-3-540-74143-5\_32},
  timestamp = {Tue, 14 May 2019 10:00:48 +0200},
  biburl    = {https://dblp.org/rec/conf/crypto/DamgardN07.bib},
  bibsource = {dblp computer science bibliography, https://dblp.org}
}

@inproceedings{beaver1989multiparty,
  author    = {Donald Beaver and
               Shafi Goldwasser},
  editor    = {Gilles Brassard},
  title     = {Multiparty Computation with Faulty Majority},
  booktitle = {Advances in Cryptology - {CRYPTO} '89, 9th Annual International Cryptology
               Conference, Santa Barbara, California, USA, August 20-24, 1989, Proceedings},
  series    = {Lecture Notes in Computer Science},
  volume    = {435},
  pages     = {589--590},
  publisher = {Springer},
  year      = {1989},
  url       = {https://doi.org/10.1007/0-387-34805-0\_51},
  doi       = {10.1007/0-387-34805-0\_51},
  timestamp = {Tue, 01 Jun 2021 15:21:29 +0200},
  biburl    = {https://dblp.org/rec/conf/crypto/BeaverG89.bib},
  bibsource = {dblp computer science bibliography, https://dblp.org}
}

@inproceedings{Jung2020analysis,
  author    = {Christopher Jung and
               Katrina Ligett and
               Seth Neel and
               Aaron Roth and
               Saeed Sharifi{-}Malvajerdi and
               Moshe Shenfeld},
  editor    = {Thomas Vidick},
  title     = {A New Analysis of Differential Privacy's Generalization Guarantees},
  booktitle = {11th Innovations in Theoretical Computer Science Conference, {ITCS}
               2020, January 12-14, 2020, Seattle, Washington, {USA}},
  series    = {LIPIcs},
  volume    = {151},
  pages     = {31:1--31:17},
  publisher = {Schloss Dagstuhl - Leibniz-Zentrum f{\"{u}}r Informatik},
  year      = {2020},
  url       = {https://doi.org/10.4230/LIPIcs.ITCS.2020.31},
  doi       = {10.4230/LIPIcs.ITCS.2020.31},
  timestamp = {Fri, 09 Apr 2021 18:45:23 +0200},
  biburl    = {https://dblp.org/rec/conf/innovations/JungLN0SS20.bib},
  bibsource = {dblp computer science bibliography, https://dblp.org}
}

@article{kelly1998rate,
  title={Rate control for communication networks: shadow prices, proportional fairness and stability},
  author={Kelly, Frank P and Maulloo, Aman K and Tan, David Kim Hong},
  journal={Journal of the Operational Research society},
  volume={49},
  number={3},
  pages={237--252},
  year={1998},
  publisher={Taylor \& Francis}
}

@misc{Breeze,
  author = {David Hall and others},
  title = {{Breeze}: numerical processing library for Scala},
  year = {2021},
  publisher = {GitHub},
  howpublished = {\url{https://github.com/scalanlp/breeze}},
  note = {Accessed: March 12, 2023}
}

@misc{snowflake_DP,
  author = {{Snowflake Inc.}},
  title = {Differential privacy in {Snowflake} Data Clean Rooms},
  howpublished = {\url{https://docs.snowflake.com/en/user-guide/cleanrooms/differential-privacy}},
  note = {Accessed: 2024-05-31}
}

@misc{amazon_DP,
  author = {{Amazon Inc.}},
  title = {{AWS Clean Rooms} Differential Privacy},
  howpublished = {\url{https://aws.amazon.com/clean-rooms/differential-privacy/}},
  note = {Accessed: 2024-05-31}
}

@misc{tumult,
  author = {{TUMULT Labs.}},
  title = {Tumult Analysis},
  howpublished = {\url{https://www.tmlt.dev/}},
  note = {Accessed: 2024-05-31}
}

@misc{openDP,
  author = {{OpenDP.}},
  title = {Developing Open Source Tools for Differential Privacy},
  howpublished = {\url{https://docs.opendp.org/en/stable/index.html}},
  note = {Accessed: 2024-05-31}
}

@misc{google_DP_big_query,
  author = {{Google Inc.}},
  title = {Use differential privacy -- {Big Query Documentations}},
  howpublished = {\url{https://cloud.google.com/bigquery/docs/differential-privacy}},
  note = {Accessed: 2024-05-31}
}

@misc{apple_DP_location,
  author = {{Apple Inc.}},
  title = {Learning Iconic Scenes with Differential Privacy},
  howpublished = {\url{https://machinelearning.apple.com/research/scenes-differential-privacy}},
  note = {Accessed: 2024-05-31}
}

@misc{transcend,
  author = {{Transcend Inc.}},
  title = {Next-gen privacy management},
  howpublished = {\url{https://transcend.io/}},
  note = {Accessed: 2024-05-31}
}

@misc{apple_DP_emoji,
  author = {{Apple Inc.}},
  title = {Learning with Privacy at Scale},
  howpublished = {\url{https://machinelearning.apple.com/research/learning-with-privacy-at-scale}},
  note = {Accessed: 2024-05-31}
}

@inproceedings{GadottiHAM22apple_DP_attack,
  author       = {Andrea Gadotti and
                  Florimond Houssiau and
                  Meenatchi Sundaram Muthu Selva Annamalai and
                  Yves{-}Alexandre de Montjoye},
  editor       = {Kevin R. B. Butler and
                  Kurt Thomas},
  title        = {Pool Inference Attacks on Local Differential Privacy: Quantifying
                  the Privacy Guarantees of Apple's Count Mean Sketch in Practice},
  booktitle    = {31st {USENIX} Security Symposium, {USENIX} Security 2022, Boston,
                  MA, USA, August 10-12, 2022},
  pages        = {501--518},
  publisher    = {{USENIX} Association},
  year         = {2022},
  url          = {https://www.usenix.org/conference/usenixsecurity22/presentation/gadotti},
  timestamp    = {Tue, 18 Oct 2022 17:10:36 +0200},
  biburl       = {https://dblp.org/rec/conf/uss/GadottiHAM22.bib},
  bibsource    = {dblp computer science bibliography, https://dblp.org}
}

@article{barber2014privacy,
  author    = {Rina Foygel Barber and
               John C. Duchi},
  title     = {Privacy and Statistical Risk: Formalisms and Minimax Bounds},
  journal   = {CoRR},
  volume    = {abs/1412.4451},
  year      = {2014},
  url       = {http://arxiv.org/abs/1412.4451},
  eprinttype = {arXiv},
  eprint    = {1412.4451},
  timestamp = {Mon, 13 Aug 2018 16:47:30 +0200},
  biburl    = {https://dblp.org/rec/journals/corr/BarberD14.bib},
  bibsource = {dblp computer science bibliography, https://dblp.org}
}

@article{desfontaines2020sok,
  author    = {Damien Desfontaines and
               Bal{\'{a}}zs Pej{\'{o}}},
  title     = {SoK: Differential privacies},
  journal   = {Proc. Priv. Enhancing Technol.},
  volume    = {2020},
  number    = {2},
  pages     = {288--313},
  year      = {2020},
  url       = {https://doi.org/10.2478/popets-2020-0028},
  doi       = {10.2478/popets-2020-0028},
  timestamp = {Wed, 30 Sep 2020 16:54:04 +0200},
  biburl    = {https://dblp.org/rec/journals/popets/DesfontainesP20.bib},
  bibsource = {dblp computer science bibliography, https://dblp.org}
}

@inproceedings{cuff2016differential,
  author    = {Paul Cuff and
               Lanqing Yu},
  editor    = {Edgar R. Weippl and
               Stefan Katzenbeisser and
               Christopher Kruegel and
               Andrew C. Myers and
               Shai Halevi},
  title     = {Differential Privacy as a Mutual Information Constraint},
  booktitle = {Proceedings of the 2016 {ACM} {SIGSAC} Conference on Computer and
               Communications Security, Vienna, Austria, October 24-28, 2016},
  pages     = {43--54},
  publisher = {{ACM}},
  year      = {2016},
  url       = {https://doi.org/10.1145/2976749.2978308},
  doi       = {10.1145/2976749.2978308},
  timestamp = {Tue, 10 Nov 2020 20:00:52 +0100},
  biburl    = {https://dblp.org/rec/conf/ccs/CuffY16.bib},
  bibsource = {dblp computer science bibliography, https://dblp.org}
}

@inproceedings{chatzikokolakis2013broadening,
  author    = {Konstantinos Chatzikokolakis and
               Miguel E. Andr{\'{e}}s and
               Nicol{\'{a}}s Emilio Bordenabe and
               Catuscia Palamidessi},
  editor    = {Emiliano De Cristofaro and
               Matthew K. Wright},
  title     = {Broadening the Scope of Differential Privacy Using Metrics},
  booktitle = {Privacy Enhancing Technologies - 13th International Symposium, {PETS}
               2013, Bloomington, IN, USA, July 10-12, 2013. Proceedings},
  series    = {Lecture Notes in Computer Science},
  volume    = {7981},
  pages     = {82--102},
  publisher = {Springer},
  year      = {2013},
  url       = {https://doi.org/10.1007/978-3-642-39077-7\_5},
  doi       = {10.1007/978-3-642-39077-7\_5},
  timestamp = {Fri, 09 Apr 2021 18:42:13 +0200},
  biburl    = {https://dblp.org/rec/conf/pet/ChatzikokolakisABP13.bib},
  bibsource = {dblp computer science bibliography, https://dblp.org}
}

@INPROCEEDINGS{xiang2020linear,
  author    = {Zhuolun Xiang and
               Bolin Ding and
               Xi He and
               Jingren Zhou},
  title     = {Linear and Range Counting under Metric-based Local Differential Privacy},
  booktitle = {{IEEE} International Symposium on Information Theory, {ISIT} 2020,
               Los Angeles, CA, USA, June 21-26, 2020},
  pages     = {908--913},
  publisher = {{IEEE}},
  year      = {2020},
  url       = {https://doi.org/10.1109/ISIT44484.2020.9173952},
  doi       = {10.1109/ISIT44484.2020.9173952},
  timestamp = {Tue, 15 Sep 2020 12:30:39 +0200},
  biburl    = {https://dblp.org/rec/conf/isit/XiangD0Z20.bib},
  bibsource = {dblp computer science bibliography, https://dblp.org}
  }

@article{van2014renyi,
  author    = {Tim van Erven and
               Peter Harremo{\"{e}}s},
  title     = {R{\'{e}}nyi Divergence and Kullback-Leibler Divergence},
  journal   = {{IEEE} Trans. Inf. Theory},
  volume    = {60},
  number    = {7},
  pages     = {3797--3820},
  year      = {2014},
  url       = {https://doi.org/10.1109/TIT.2014.2320500},
  doi       = {10.1109/TIT.2014.2320500},
  timestamp = {Sat, 09 Apr 2022 12:25:22 +0200},
  biburl    = {https://dblp.org/rec/journals/tit/ErvenH14.bib},
  bibsource = {dblp computer science bibliography, https://dblp.org}
}

@article{cao2020panda,
  author    = {Yang Cao and
               Shun Takagi and
               Yonghui Xiao and
               Li Xiong and
               Masatoshi Yoshikawa},
  title     = {{PANDA:} Policy-aware Location Privacy for Epidemic Surveillance},
  journal   = {Proc. {VLDB} Endow.},
  volume    = {13},
  number    = {12},
  pages     = {3001--3004},
  year      = {2020},
  url       = {http://www.vldb.org/pvldb/vol13/p3001-cao.pdf},
  doi       = {10.14778/3415478.3415529},
  timestamp = {Tue, 21 Mar 2023 21:05:57 +0100},
  biburl    = {https://dblp.org/rec/journals/pvldb/0011TX0Y20.bib},
  bibsource = {dblp computer science bibliography, https://dblp.org}
}

@article{mazmudar2022cache,
  author    = {Miti Mazmudar and
               Thomas Humphries and
               Jiaxiang Liu and
               Matthew Rafuse and
               Xi He},
  title     = {Cache Me If You Can: Accuracy-Aware Inference Engine for Differentially
               Private Data Exploration},
  journal   = {Proc. {VLDB} Endow.},
  volume    = {16},
  number    = {4},
  pages     = {574--586},
  year      = {2022},
  url       = {https://www.vldb.org/pvldb/vol16/p574-mazmudar.pdf},
  timestamp = {Wed, 11 Jan 2023 17:06:38 +0100},
  biburl    = {https://dblp.org/rec/journals/pvldb/MazmudarHLR022.bib},
  bibsource = {dblp computer science bibliography, https://dblp.org}
}

@article{xiao2022answering,
  author    = {Yingtai Xiao and
               Guanhong Wang and
               Danfeng Zhang and
               Daniel Kifer},
  title     = {Answering Private Linear Queries Adaptively using the Common Mechanism},
  journal   = {CoRR},
  volume    = {abs/2212.00135},
  year      = {2022},
  url       = {https://doi.org/10.48550/arXiv.2212.00135},
  doi       = {10.48550/arXiv.2212.00135},
  eprinttype = {arXiv},
  eprint    = {2212.00135},
  timestamp = {Wed, 07 Dec 2022 18:09:14 +0100},
  biburl    = {https://dblp.org/rec/journals/corr/abs-2212-00135.bib},
  bibsource = {dblp computer science bibliography, https://dblp.org},
}

@article{pujol2022multi,
  author    = {David Pujol and
               Albert Sun and
               Brandon Fain and
               Ashwin Machanavajjhala},
  title     = {Multi-Analyst Differential Privacy for Online Query Answering},
  journal   = {Proc. {VLDB} Endow.},
  volume    = {16},
  number    = {4},
  pages     = {816--828},
  year      = {2022},
  url       = {https://www.vldb.org/pvldb/vol16/p816-pujol.pdf},
  timestamp = {Wed, 11 Jan 2023 17:06:38 +0100},
  biburl    = {https://dblp.org/rec/journals/pvldb/PujolSFM22.bib},
  bibsource = {dblp computer science bibliography, https://dblp.org}
}

@inproceedings{kotsogiannis2019architecting,
  author    = {Ios Kotsogiannis and
               Yuchao Tao and
               Ashwin Machanavajjhala and
               Gerome Miklau and
               Michael Hay},
  title     = {Architecting a Differentially Private {SQL} Engine},
  booktitle = {9th Biennial Conference on Innovative Data Systems Research, {CIDR}
               2019, Asilomar, CA, USA, January 13-16, 2019, Online Proceedings},
  publisher = {www.cidrdb.org},
  year      = {2019},
  url       = {http://cidrdb.org/cidr2019/papers/p125-kotsogiannis-cidr19.pdf},
  timestamp = {Mon, 18 Jul 2022 17:13:00 +0200},
  biburl    = {https://dblp.org/rec/conf/cidr/KotsogiannisTMM19.bib},
  bibsource = {dblp computer science bibliography, https://dblp.org},
  address   = {}
}

@inproceedings{banerjee2022proportionally,
  author       = {Siddhartha Banerjee and
                  Vasilis Gkatzelis and
                  Safwan Hossain and
                  Billy Jin and
                  Evi Micha and
                  Nisarg Shah},
  title        = {Proportionally Fair Online Allocation of Public Goods with Predictions},
  booktitle    = {Proceedings of the Thirty-Second International Joint Conference on
                  Artificial Intelligence, {IJCAI} 2023, 19th-25th August 2023, Macao,
                  SAR, China},
  pages        = {20--28},
  publisher    = {ijcai.org},
  year         = {2023},
  url          = {https://doi.org/10.24963/ijcai.2023/3},
  doi          = {10.24963/ijcai.2023/3},
  timestamp    = {Mon, 28 Aug 2023 17:23:07 +0200},
  biburl       = {https://dblp.org/rec/conf/ijcai/BanerjeeGHJM023.bib},
  bibsource    = {dblp computer science bibliography, https://dblp.org}
}


@inproceedings{stoyanovich2018online,
  author    = {Julia Stoyanovich and
               Ke Yang and
               H. V. Jagadish},
  editor    = {Michael H. B{\"{o}}hlen and
               Reinhard Pichler and
               Norman May and
               Erhard Rahm and
               Shan{-}Hung Wu and
               Katja Hose},
  title     = {Online Set Selection with Fairness and Diversity Constraints},
  booktitle = {Proceedings of the 21st International Conference on Extending Database
               Technology, {EDBT} 2018, Vienna, Austria, March 26-29, 2018},
  pages     = {241--252},
  publisher = {OpenProceedings.org},
  year      = {2018},
  url       = {https://doi.org/10.5441/002/edbt.2018.22},
  doi       = {10.5441/002/edbt.2018.22},
  timestamp = {Fri, 29 Jan 2021 22:08:41 +0100},
  biburl    = {https://dblp.org/rec/conf/edbt/StoyanovichYJ18.bib},
  bibsource = {dblp computer science bibliography, https://dblp.org}
}

@article{bao2022skellam,
  author    = {Ergute Bao and
               Yizheng Zhu and
               Xiaokui Xiao and
               Yin Yang and
               Beng Chin Ooi and
               Benjamin Hong Meng Tan and
               Khin Mi Mi Aung},
  title     = {Skellam Mixture Mechanism: a Novel Approach to Federated Learning
               with Differential Privacy},
  journal   = {Proc. {VLDB} Endow.},
  volume    = {15},
  number    = {11},
  pages     = {2348--2360},
  year      = {2022},
  url       = {https://www.vldb.org/pvldb/vol15/p2348-bao.pdf},
  timestamp = {Tue, 08 Nov 2022 09:58:55 +0100},
  biburl    = {https://dblp.org/rec/journals/pvldb/BaoZXYOTA22.bib},
  bibsource = {dblp computer science bibliography, https://dblp.org}
}

@inproceedings{dwork2006calibrating,
  author    = {Cynthia Dwork and
               Frank McSherry and
               Kobbi Nissim and
               Adam D. Smith},
  editor    = {Shai Halevi and
               Tal Rabin},
  title     = {Calibrating Noise to Sensitivity in Private Data Analysis},
  booktitle = {Theory of Cryptography, Third Theory of Cryptography Conference, {TCC}
               2006, New York, NY, USA, March 4-7, 2006, Proceedings},
  series    = {Lecture Notes in Computer Science},
  volume    = {3876},
  pages     = {265--284},
  publisher = {Springer},
  year      = {2006},
  url       = {https://doi.org/10.1007/11681878\_14},
  doi       = {10.1007/11681878\_14},
  timestamp = {Tue, 14 May 2019 10:00:47 +0200},
  biburl    = {https://dblp.org/rec/conf/tcc/DworkMNS06.bib},
  bibsource = {dblp computer science bibliography, https://dblp.org}
}

@inproceedings{dwork2010boosting,
  author    = {Cynthia Dwork and
               Guy N. Rothblum and
               Salil P. Vadhan},
  title     = {Boosting and Differential Privacy},
  booktitle = {51th Annual {IEEE} Symposium on Foundations of Computer Science, {FOCS}
               2010, October 23-26, 2010, Las Vegas, Nevada, {USA}},
  pages     = {51--60},
  publisher = {{IEEE} Computer Society},
  year      = {2010},
  url       = {https://doi.org/10.1109/FOCS.2010.12},
  doi       = {10.1109/FOCS.2010.12},
  timestamp = {Thu, 23 Mar 2023 23:57:54 +0100},
  biburl    = {https://dblp.org/rec/conf/focs/DworkRV10.bib},
  bibsource = {dblp computer science bibliography, https://dblp.org}
}

@inproceedings{geerts2006mondrian,
  title={Mondrian: Annotating and querying databases through colors and blocks},
  author={Geerts, Floris and Kementsietsidis, Anastasios and Milano, Diego},
  booktitle={22nd International Conference on Data Engineering (ICDE'06)},
  pages={82--82},
  year={2006},
  organization={IEEE}
}

@inproceedings{srivastava2007intensional,
  title={Intensional associations between data and metadata},
  author={Srivastava, Divesh and Velegrakis, Yannis},
  booktitle={Proceedings of the 2007 ACM SIGMOD international conference on Management of data},
  pages={401--412},
  year={2007}
}

@inproceedings{chapman2008efficient,
  title={Efficient provenance storage},
  author={Chapman, Adriane P and Jagadish, Hosagrahar V and Ramanan, Prakash},
  booktitle={Proceedings of the 2008 ACM SIGMOD international conference on Management of data},
  pages={993--1006},
  year={2008}
}

@article{kifer2014pufferfish,
  title={Pufferfish: A framework for mathematical privacy definitions},
  author={Kifer, Daniel and Machanavajjhala, Ashwin},
  journal={ACM Transactions on Database Systems (TODS)},
  volume={39},
  number={1},
  pages={1--36},
  year={2014},
  publisher={ACM New York, NY, USA}
}

@article{re2008approximate,
  title={Approximate lineage for probabilistic databases},
  author={R{\'e}, Christopher and Suciu, Dan},
  journal={Proceedings of the VLDB Endowment},
  volume={1},
  number={1},
  pages={797--808},
  year={2008},
  publisher={VLDB Endowment}
}

@article{LiMHMR15,
  author    = {Chao Li and
               Gerome Miklau and
               Michael Hay and
               Andrew McGregor and
               Vibhor Rastogi},
  title     = {The matrix mechanism: optimizing linear counting queries under differential
               privacy},
  journal   = {{VLDB} J.},
  volume    = {24},
  number    = {6},
  pages     = {757--781},
  year      = {2015},
  url       = {https://doi.org/10.1007/s00778-015-0398-x},
  doi       = {10.1007/s00778-015-0398-x},
  timestamp = {Mon, 11 Sep 2017 16:55:20 +0200},
  biburl    = {https://dblp.org/rec/journals/vldb/LiMHMR15.bib},
  bibsource = {dblp computer science bibliography, https://dblp.org}
}

@article{KairouzOV17,
  author    = {Peter Kairouz and
               Sewoong Oh and
               Pramod Viswanath},
  title     = {The Composition Theorem for Differential Privacy},
  journal   = {{IEEE} Trans. Inf. Theory},
  volume    = {63},
  number    = {6},
  pages     = {4037--4049},
  year      = {2017},
  url       = {https://doi.org/10.1109/TIT.2017.2685505},
  doi       = {10.1109/TIT.2017.2685505},
  timestamp = {Tue, 10 Mar 2020 10:48:20 +0100},
  biburl    = {https://dblp.org/rec/journals/tit/KairouzOV17.bib},
  bibsource = {dblp computer science bibliography, https://dblp.org}
}

@inproceedings{WhitehouseRWR22brownian,
  author       = {Justin Whitehouse and
                  Aaditya Ramdas and
                  Zhiwei Steven Wu and
                  Ryan M. Rogers},
  editor       = {Sanmi Koyejo and
                  S. Mohamed and
                  A. Agarwal and
                  Danielle Belgrave and
                  K. Cho and
                  A. Oh},
  title        = {Brownian Noise Reduction: Maximizing Privacy Subject to Accuracy Constraints},
  booktitle    = {Advances in Neural Information Processing Systems 35: Annual Conference
                  on Neural Information Processing Systems 2022, NeurIPS 2022, New Orleans,
                  LA, USA, November 28 - December 9, 2022},
  year         = {2022},
  url          = {http://papers.nips.cc/paper\_files/paper/2022/hash/48aaa5ea741ae8430bd58e25917d267d-Abstract-Conference.html},
  timestamp    = {Mon, 08 Jan 2024 16:31:37 +0100},
  biburl       = {https://dblp.org/rec/conf/nips/WhitehouseRWR22.bib},
  bibsource    = {dblp computer science bibliography, https://dblp.org}
}

@inproceedings{LuoPTCGL21PrivateKube,
  author       = {Tao Luo and
                  Mingen Pan and
                  Pierre Tholoniat and
                  Asaf Cidon and
                  Roxana Geambasu and
                  Mathias L{\'{e}}cuyer},
  editor       = {Angela Demke Brown and
                  Jay R. Lorch},
  title        = {Privacy Budget Scheduling},
  booktitle    = {15th {USENIX} Symposium on Operating Systems Design and Implementation,
                  {OSDI} 2021, July 14-16, 2021},
  pages        = {55--74},
  publisher    = {{USENIX} Association},
  year         = {2021},
  url          = {https://www.usenix.org/conference/osdi21/presentation/luo},
  timestamp    = {Thu, 12 Aug 2021 18:19:16 +0200},
  biburl       = {https://dblp.org/rec/conf/osdi/LuoPTCGL21.bib},
  bibsource    = {dblp computer science bibliography, https://dblp.org}
}

@inproceedings{PillutlaAKMOO23DP_audit,
  author       = {Krishna Pillutla and
                  Galen Andrew and
                  Peter Kairouz and
                  H. Brendan McMahan and
                  Alina Oprea and
                  Sewoong Oh},
  editor       = {Alice Oh and
                  Tristan Naumann and
                  Amir Globerson and
                  Kate Saenko and
                  Moritz Hardt and
                  Sergey Levine},
  title        = {Unleashing the Power of Randomization in Auditing Differentially Private
                  {ML}},
  booktitle    = {Advances in Neural Information Processing Systems 36: Annual Conference
                  on Neural Information Processing Systems 2023, NeurIPS 2023, New Orleans,
                  LA, USA, December 10 - 16, 2023},
  year         = {2023},
  url          = {http://papers.nips.cc/paper\_files/paper/2023/hash/d09ef5264966e17adffd3157265c9946-Abstract-Conference.html},
  timestamp    = {Fri, 01 Mar 2024 16:26:21 +0100},
  biburl       = {https://dblp.org/rec/conf/nips/PillutlaAKMOO23.bib},
  bibsource    = {dblp computer science bibliography, https://dblp.org}
}

@inproceedings{zhang2024SNF,
    author = {Zhang, Shufan and He, Xi and Kundu, Ashish and Mehrotra, Sharad and Sharma, Shantanu},
    title = {Secure Normal Form: Mediation Among Cross Cryptographic Leakages in Encrypted Databases},
    year = {2024},
    booktitle={IEEE International Conference on Data Engineering (ICDE)}, 
    organization={IEEE}
}

@inproceedings{JagielskiUO20audit_DP,
  author       = {Matthew Jagielski and
                  Jonathan R. Ullman and
                  Alina Oprea},
  editor       = {Hugo Larochelle and
                  Marc'Aurelio Ranzato and
                  Raia Hadsell and
                  Maria{-}Florina Balcan and
                  Hsuan{-}Tien Lin},
  title        = {Auditing Differentially Private Machine Learning: How Private is Private
                  SGD?},
  booktitle    = {Advances in Neural Information Processing Systems 33: Annual Conference
                  on Neural Information Processing Systems 2020, NeurIPS 2020, December
                  6-12, 2020, virtual},
  year         = {2020},
  url          = {https://proceedings.neurips.cc/paper/2020/hash/fc4ddc15f9f4b4b06ef7844d6bb53abf-Abstract.html},
  timestamp    = {Tue, 19 Jan 2021 15:57:36 +0100},
  biburl       = {https://dblp.org/rec/conf/nips/JagielskiUO20.bib},
  bibsource    = {dblp computer science bibliography, https://dblp.org}
}

@inproceedings{NasrH0BTJCT23DP_audit,
  author       = {Milad Nasr and
                  Jamie Hayes and
                  Thomas Steinke and
                  Borja Balle and
                  Florian Tram{\`{e}}r and
                  Matthew Jagielski and
                  Nicholas Carlini and
                  Andreas Terzis},
  editor       = {Joseph A. Calandrino and
                  Carmela Troncoso},
  title        = {Tight Auditing of Differentially Private Machine Learning},
  booktitle    = {32nd {USENIX} Security Symposium, {USENIX} Security 2023, Anaheim,
                  CA, USA, August 9-11, 2023},
  pages        = {1631--1648},
  publisher    = {{USENIX} Association},
  year         = {2023},
  url          = {https://www.usenix.org/conference/usenixsecurity23/presentation/nasr},
  timestamp    = {Wed, 18 Oct 2023 16:49:03 +0200},
  biburl       = {https://dblp.org/rec/conf/uss/NasrH0BTJCT23.bib},
  bibsource    = {dblp computer science bibliography, https://dblp.org}
}

@inproceedings{lee2011much,
  title={How much is enough? choosing $\varepsilon$ for differential privacy},
  author={Lee, Jaewoo and Clifton, Chris},
  booktitle={Information Security: 14th International Conference, ISC 2011, Xi‚Äôan, China, October 26-29, 2011. Proceedings 14},
  pages={325--340},
  year={2011},
  organization={Springer}
}

@article{gaboardi2016psi,
  title={Psi ($\{$$\backslash$Psi$\}$): a private data sharing interface},
  author={Gaboardi, Marco and Honaker, James and King, Gary and Murtagh, Jack and Nissim, Kobbi and Ullman, Jonathan and Vadhan, Salil},
  journal={arXiv preprint arXiv:1609.04340},
  year={2016}
}

@inproceedings{hay2016exploring,
  title={Exploring privacy-accuracy tradeoffs using dpcomp},
  author={Hay, Michael and Machanavajjhala, Ashwin and Miklau, Gerome and Chen, Yan and Zhang, Dan and Bissias, George},
  booktitle={Proceedings of the 2016 International Conference on Management of Data},
  pages={2101--2104},
  year={2016}
}

@article{bittner2020understanding,
  title={Understanding privacy-utility tradeoffs in differentially private online active learning},
  author={Bittner, Daniel M and Brito, Alejandro E and Ghassemi, Mohsen and Rane, Shantanu and Sarwate, Anand D and Wright, Rebecca N},
  journal={Journal of Privacy and Confidentiality},
  volume={10},
  number={2},
  year={2020}
}

@inproceedings{john2021decision,
  title={Decision support for sharing data using differential privacy},
  author={John, Mark F St and Denker, Grit and Laud, Peeter and Martiny, Karsten and Pankova, Alisa and Pavlovic, Dusko},
  booktitle={2021 IEEE Symposium on Visualization for Cyber Security (VizSec)},
  pages={26--35},
  year={2021},
  organization={IEEE}
}

@article{thaker2020overlook,
  title={Overlook: Differentially private exploratory visualization for big data},
  author={Thaker, Pratiksha and Budiu, Mihai and Gopalan, Parikshit and Wieder, Udi and Zaharia, Matei},
  journal={arXiv preprint arXiv:2006.12018},
  year={2020}
}

@article{NanayakkaraB0HR22visualizing,
  author       = {Priyanka Nanayakkara and
                  Johes Bater and
                  Xi He and
                  Jessica Hullman and
                  Jennie Rogers},
  title        = {Visualizing Privacy-Utility Trade-Offs in Differentially Private Data
                  Releases},
  journal      = {Proc. Priv. Enhancing Technol.},
  volume       = {2022},
  number       = {2},
  pages        = {601--618},
  year         = {2022},
  url          = {https://doi.org/10.2478/popets-2022-0058},
  doi          = {10.2478/POPETS-2022-0058},
  timestamp    = {Sat, 30 Sep 2023 10:23:53 +0200},
  biburl       = {https://dblp.org/rec/journals/popets/NanayakkaraB0HR22.bib},
  bibsource    = {dblp computer science bibliography, https://dblp.org}
}

@InProceedings{kairouz15,
  title = 	 {The Composition Theorem for Differential Privacy},
  author = 	 {Kairouz, Peter and Oh, Sewoong and Viswanath, Pramod},
  booktitle = 	 {Proceedings of the 32nd International Conference on Machine Learning},
  pages = 	 {1376--1385},
  year = 	 {2015},
  editor = 	 {Bach, Francis and Blei, David},
  volume = 	 {37},
  series = 	 {Proceedings of Machine Learning Research},
  address = 	 {Lille, France},
  month = 	 {07--09 Jul},
  publisher =    {PMLR},
  pdf = 	 {http://proceedings.mlr.press/v37/kairouz15.pdf},
  url = 	 {https://proceedings.mlr.press/v37/kairouz15.html}
}

@inproceedings{rao1949sufficient,
  title={Sufficient statistics and minimum variance estimates},
  author={Rao, C Radhakrishna},
  booktitle={Mathematical Proceedings of the Cambridge Philosophical Society},
  volume={45},
  pages={213--218},
  year={1949},
  organization={Cambridge University Press}
}

@article{kiefer1952minimum,
  title={On minimum variance estimators},
  author={Kiefer, J},
  journal={The Annals of Mathematical Statistics},
  volume={23},
  number={4},
  pages={627--629},
  year={1952},
  publisher={JSTOR}
}

@article{LiCLZ12multilevel,
  author       = {Yaping Li and
                  Minghua Chen and
                  Qiwei Li and
                  Wei Zhang},
  title        = {Enabling Multilevel Trust in Privacy Preserving Data Mining},
  journal      = {{IEEE} Trans. Knowl. Data Eng.},
  volume       = {24},
  number       = {9},
  pages        = {1598--1612},
  year         = {2012},
  url          = {https://doi.org/10.1109/TKDE.2011.124},
  doi          = {10.1109/TKDE.2011.124},
  timestamp    = {Mon, 03 Jan 2022 21:57:04 +0100},
  biburl       = {https://dblp.org/rec/journals/tkde/LiCLZ12.bib},
  bibsource    = {dblp computer science bibliography, https://dblp.org}
}

@article{BaoYXD21CGM,
  author       = {Ergute Bao and
                  Yin Yang and
                  Xiaokui Xiao and
                  Bolin Ding},
  title        = {{CGM:} An Enhanced Mechanism for Streaming Data Collectionwith Local
                  Differential Privacy},
  journal      = {Proc. {VLDB} Endow.},
  volume       = {14},
  number       = {11},
  pages        = {2258--2270},
  year         = {2021},
  url          = {http://www.vldb.org/pvldb/vol14/p2258-bao.pdf},
  doi          = {10.14778/3476249.3476277},
  timestamp    = {Tue, 08 Nov 2022 09:58:59 +0100},
  biburl       = {https://dblp.org/rec/journals/pvldb/BaoYXD21.bib},
  bibsource    = {dblp computer science bibliography, https://dblp.org}
}

@inproceedings{Ghazi23mutlti-table,
author = {Ghazi, Badih and Hu, Xiao and Kumar, Ravi and Manurangsi, Pasin},
title = {Differentially Private Data Release over Multiple Tables},
year = {2023},
isbn = {9798400701276},
publisher = {Association for Computing Machinery},
address = {New York, NY, USA},
url = {https://doi.org/10.1145/3584372.3588665},
doi = {10.1145/3584372.3588665},
booktitle = {Proceedings of the 42nd ACM SIGMOD-SIGACT-SIGAI Symposium on Principles of Database Systems},
pages = {207‚Äì219},
numpages = {13},
keywords = {synthetic data, linear query, multi-table join, differential privacy},
location = {Seattle, WA, USA},
series = {PODS '23}
}

@article{cai23privlava,
author = {Cai, Kuntai and Xiao, Xiaokui and Cormode, Graham},
title = {PrivLava: Synthesizing Relational Data with Foreign Keys under Differential Privacy},
year = {2023},
issue_date = {June 2023},
publisher = {Association for Computing Machinery},
address = {New York, NY, USA},
volume = {1},
number = {2},
url = {https://doi.org/10.1145/3589287},
doi = {10.1145/3589287},
journal = {Proc. ACM Manag. Data},
month = {jun},
articleno = {142},
numpages = {25},
keywords = {differential privacy, data synthesis}
}

@inproceedings{WangLC08delegation1,
  author       = {Qihua Wang and
                  Ninghui Li and
                  Hong Chen},
  editor       = {Sushil Jajodia and
                  Javier L{\'{o}}pez},
  title        = {On the Security of Delegation in Access Control Systems},
  booktitle    = {Computer Security - {ESORICS} 2008, 13th European Symposium on Research
                  in Computer Security, M{\'{a}}laga, Spain, October 6-8, 2008.
                  Proceedings},
  series       = {Lecture Notes in Computer Science},
  volume       = {5283},
  pages        = {317--332},
  publisher    = {Springer},
  year         = {2008},
  url          = {https://doi.org/10.1007/978-3-540-88313-5\_21},
  doi          = {10.1007/978-3-540-88313-5\_21},
  timestamp    = {Thu, 29 Aug 2019 08:09:59 +0200},
  biburl       = {https://dblp.org/rec/conf/esorics/WangLC08.bib},
  bibsource    = {dblp computer science bibliography, https://dblp.org}
}

@inproceedings{TheimerNT92delegation2,
  author       = {Marvin Theimer and
                  David A. Nichols and
                  Douglas B. Terry},
  title        = {Delegation Through Access Control Programs},
  booktitle    = {Proceedings of the 12th International Conference on Distributed Computing
                  Systems, Yokohama, Japan, June 9-12, 1992},
  pages        = {529--536},
  publisher    = {{IEEE} Computer Society},
  year         = {1992},
  url          = {https://doi.org/10.1109/ICDCS.1992.235000},
  doi          = {10.1109/ICDCS.1992.235000},
  timestamp    = {Fri, 24 Mar 2023 00:04:18 +0100},
  biburl       = {https://dblp.org/rec/conf/icdcs/TheimerNT92.bib},
  bibsource    = {dblp computer science bibliography, https://dblp.org}
}

@inproceedings{XiaoBHG11relativeerror,
  author       = {Xiaokui Xiao and
                  Gabriel Bender and
                  Michael Hay and
                  Johannes Gehrke},
  editor       = {Timos K. Sellis and
                  Ren{\'{e}}e J. Miller and
                  Anastasios Kementsietsidis and
                  Yannis Velegrakis},
  title        = {iReduct: differential privacy with reduced relative errors},
  booktitle    = {Proceedings of the {ACM} {SIGMOD} International Conference on Management
                  of Data, {SIGMOD} 2011, Athens, Greece, June 12-16, 2011},
  pages        = {229--240},
  publisher    = {{ACM}},
  year         = {2011},
  url          = {https://doi.org/10.1145/1989323.1989348},
  doi          = {10.1145/1989323.1989348},
  timestamp    = {Thu, 11 Mar 2021 15:20:15 +0100},
  biburl       = {https://dblp.org/rec/conf/sigmod/XiaoBHG11.bib},
  bibsource    = {dblp computer science bibliography, https://dblp.org}
}


@inproceedings{LecuyerSVG019sage,
  author       = {Mathias L{\'{e}}cuyer and
                  Riley Spahn and
                  Kiran Vodrahalli and
                  Roxana Geambasu and
                  Daniel Hsu},
  editor       = {Tim Brecht and
                  Carey Williamson},
  title        = {Privacy accounting and quality control in the sage differentially
                  private {ML} platform},
  booktitle    = {Proceedings of the 27th {ACM} Symposium on Operating Systems Principles,
                  {SOSP} 2019, Huntsville, ON, Canada, October 27-30, 2019},
  pages        = {181--195},
  publisher    = {{ACM}},
  year         = {2019},
  url          = {https://doi.org/10.1145/3341301.3359639},
  doi          = {10.1145/3341301.3359639},
  timestamp    = {Tue, 19 Nov 2019 12:45:13 +0100},
  biburl       = {https://dblp.org/rec/conf/sosp/LecuyerSVG019.bib},
  bibsource    = {dblp computer science bibliography, https://dblp.org}
}

@inproceedings{LuoPTCGL21scheduling,
  author       = {Tao Luo and
                  Mingen Pan and
                  Pierre Tholoniat and
                  Asaf Cidon and
                  Roxana Geambasu and
                  Mathias L{\'{e}}cuyer},
  editor       = {Angela Demke Brown and
                  Jay R. Lorch},
  title        = {Privacy Budget Scheduling},
  booktitle    = {15th {USENIX} Symposium on Operating Systems Design and Implementation,
                  {OSDI} 2021, July 14-16, 2021},
  pages        = {55--74},
  publisher    = {{USENIX} Association},
  year         = {2021},
  url          = {https://www.usenix.org/conference/osdi21/presentation/luo},
  timestamp    = {Thu, 12 Aug 2021 18:19:16 +0200},
  biburl       = {https://dblp.org/rec/conf/osdi/LuoPTCGL21.bib},
  bibsource    = {dblp computer science bibliography, https://dblp.org}
}

@article{Pierre2022packing,
  author       = {Pierre Tholoniat and
                  Kelly Kostopoulou and
                  Mosharaf Chowdhury and
                  Asaf Cidon and
                  Roxana Geambasu and
                  Mathias L{\'{e}}cuyer and
                  Junfeng Yang},
  title        = {Packing Privacy Budget Efficiently},
  journal      = {CoRR},
  volume       = {abs/2212.13228},
  year         = {2022},
  url          = {https://doi.org/10.48550/arXiv.2212.13228},
  doi          = {10.48550/arXiv.2212.13228},
  eprinttype    = {arXiv},
  eprint       = {2212.13228},
  timestamp    = {Wed, 04 Jan 2023 16:01:37 +0100},
  biburl       = {https://dblp.org/rec/journals/corr/abs-2212-13228.bib},
  bibsource    = {dblp computer science bibliography, https://dblp.org}
}

@article{nicolas2023cohere,
  author       = {Nicolas K{\"{u}}chler and
                  Emanuel Opel and
                  Hidde Lycklama and
                  Alexander Viand and
                  Anwar Hithnawi},
  title        = {Cohere: Managing Differential Privacy in Large Scale Systems},
  journal      = {IEEE Symposium on Security and Privacy},
  year         = {2024},
  url          = {https://doi.org/10.48550/arXiv.2301.08517},
  doi          = {10.48550/arXiv.2301.08517},
  eprinttype    = {arXiv},
  eprint       = {2301.08517},
  timestamp    = {Thu, 26 Jan 2023 15:26:31 +0100},
  biburl       = {https://dblp.org/rec/journals/corr/abs-2301-08517.bib},
  bibsource    = {dblp computer science bibliography, https://dblp.org}
}

@article{tang2017privacy,
      title={Privacy Loss in Apple's Implementation of Differential Privacy on MacOS 10.12}, 
      author={Jun Tang and Aleksandra Korolova and Xiaolong Bai and Xueqiang Wang and Xiaofeng Wang},
      year={2017},
      journal = {Theory and Practice of Differential Privacy (TPDP) Workshop}
}

@article{QiuYi22DPonDynamicData,
  author       = {Yuan Qiu and
                  Ke Yi},
  title        = {Differential Privacy on Dynamic Data},
  journal      = {CoRR},
  volume       = {abs/2209.01387},
  year         = {2022},
  url          = {https://doi.org/10.48550/arXiv.2209.01387},
  doi          = {10.48550/ARXIV.2209.01387},
  eprinttype    = {arXiv},
  eprint       = {2209.01387},
  timestamp    = {Fri, 30 Sep 2022 08:10:36 +0200},
  biburl       = {https://dblp.org/rec/journals/corr/abs-2209-01387.bib},
  bibsource    = {dblp computer science bibliography, https://dblp.org}
}

@inproceedings{growingdb18,
author = {Cummings, Rachel and Krehbiel, Sara and Lai, Kevin A. and Tantipongpipat, Uthaipon},
title = {Differential Privacy for Growing Databases},
year = {2018},
publisher = {Curran Associates Inc.},
address = {Red Hook, NY, USA},
booktitle = {Proceedings of the 32nd International Conference on Neural Information Processing Systems},
pages = {8878‚Äì8887},
numpages = {10},
location = {Montr\'{e}al, Canada},
series = {NIPS'18}
}




@inproceedings{DeutchFGM21optimizing_privacy_utility_provenance,
  author       = {Daniel Deutch and
                  Ariel Frankenthal and
                  Amir Gilad and
                  Yuval Moskovitch},
  editor       = {Guoliang Li and
                  Zhanhuai Li and
                  Stratos Idreos and
                  Divesh Srivastava},
  title        = {On Optimizing the Trade-off between Privacy and Utility in Data Provenance},
  booktitle    = {{SIGMOD} '21: International Conference on Management of Data, Virtual
                  Event, China, June 20-25, 2021},
  pages        = {379--391},
  publisher    = {{ACM}},
  year         = {2021},
  url          = {https://doi.org/10.1145/3448016.3452835},
  doi          = {10.1145/3448016.3452835},
  timestamp    = {Mon, 21 Jun 2021 11:48:44 +0200},
  biburl       = {https://dblp.org/rec/conf/sigmod/DeutchFGM21.bib},
  bibsource    = {dblp computer science bibliography, https://dblp.org}
}

@inproceedings{DavidsonKRSTC11prov_privacy,
  author       = {Susan B. Davidson and
                  Sanjeev Khanna and
                  Sudeepa Roy and
                  Julia Stoyanovich and
                  Val Tannen and
                  Yi Chen},
  editor       = {Tova Milo},
  title        = {On provenance and privacy},
  booktitle    = {Database Theory - {ICDT} 2011, 14th International Conference, Uppsala,
                  Sweden, March 21-24, 2011, Proceedings},
  pages        = {3--10},
  publisher    = {{ACM}},
  year         = {2011},
  url          = {https://doi.org/10.1145/1938551.1938554},
  doi          = {10.1145/1938551.1938554},
  timestamp    = {Tue, 06 Nov 2018 16:59:26 +0100},
  biburl       = {https://dblp.org/rec/conf/icdt/DavidsonKRSTC11.bib},
  bibsource    = {dblp computer science bibliography, https://dblp.org}
}

@article{solo22,
author = {Abuah, Chik\'{e} and Darais, David and Near, Joseph P.},
title = {Solo: A Lightweight Static Analysis for Differential Privacy},
year = {2022},
issue_date = {October 2022},
publisher = {Association for Computing Machinery},
address = {New York, NY, USA},
volume = {6},
number = {OOPSLA2},
url = {https://doi.org/10.1145/3563313},
doi = {10.1145/3563313},
journal = {Proc. ACM Program. Lang.},
month = {oct},
articleno = {150},
numpages = {30},
keywords = {verification, Differential privacy, typechecking}
}

@article{hawes2020census,
  title={Implementing differential privacy: Seven lessons from the 2020 United States Census},
  author={Hawes, Michael B},
  journal={Harvard Data Science Review},
  volume={2},
  number={2},
  pages={4},
  year={2020}
}



@inproceedings{abowd2018census,
  title={The US Census Bureau adopts differential privacy},
  author={Abowd, John M},
  booktitle={Proceedings of the 24th ACM SIGKDD international conference on knowledge discovery \& data mining},
  pages={2867--2867},
  year={2018}
}

@article{du2020differentially,
  title={Differentially private confidence intervals},
  author={Du, Wenxin and Foot, Canyon and Moniot, Monica and Bray, Andrew and Groce, Adam},
  journal={arXiv preprint arXiv:2001.02285},
  year={2020}
}

@inproceedings{cohen2023optimal,
  title={Optimal differentially private learning of thresholds and quasi-concave optimization},
  author={Cohen, Edith and Lyu, Xin and Nelson, Jelani and Sarl{\'o}s, Tam{\'a}s and Stemmer, Uri},
  booktitle={Proceedings of the 55th Annual ACM Symposium on Theory of Computing},
  pages={472--482},
  year={2023}
}

@article{drechsler2022nonparametric,
  title={Nonparametric differentially private confidence intervals for the median},
  author={Drechsler, J{\"o}rg and Globus-Harris, Ira and Mcmillan, Audra and Sarathy, Jayshree and Smith, Adam},
  journal={Journal of Survey Statistics and Methodology},
  volume={10},
  number={3},
  pages={804--829},
  year={2022},
  publisher={Oxford University Press}
}

@article{covington2021unbiased,
  title={Unbiased statistical estimation and valid confidence intervals under differential privacy},
  author={Covington, Christian and He, Xi and Honaker, James and Kamath, Gautam},
  journal={Statistica Sinica},
  year={to appear}
}

@inproceedings{DingKY17microsoft_DP,
  author       = {Bolin Ding and
                  Janardhan Kulkarni and
                  Sergey Yekhanin},
  editor       = {Isabelle Guyon and
                  Ulrike von Luxburg and
                  Samy Bengio and
                  Hanna M. Wallach and
                  Rob Fergus and
                  S. V. N. Vishwanathan and
                  Roman Garnett},
  title        = {Collecting Telemetry Data Privately},
  booktitle    = {Advances in Neural Information Processing Systems 30: Annual Conference
                  on Neural Information Processing Systems 2017, December 4-9, 2017,
                  Long Beach, CA, {USA}},
  pages        = {3571--3580},
  year         = {2017},
  url          = {https://proceedings.neurips.cc/paper/2017/hash/253614bbac999b38b5b60cae531c4969-Abstract.html},
  timestamp    = {Thu, 21 Jan 2021 15:15:21 +0100},
  biburl       = {https://dblp.org/rec/conf/nips/DingKY17.bib},
  bibsource    = {dblp computer science bibliography, https://dblp.org}
}

@inproceedings{Smith11sample_aggregate,
  author       = {Adam D. Smith},
  editor       = {Lance Fortnow and
                  Salil P. Vadhan},
  title        = {Privacy-preserving statistical estimation with optimal convergence
                  rates},
  booktitle    = {Proceedings of the 43rd {ACM} Symposium on Theory of Computing, {STOC}
                  2011, San Jose, CA, USA, 6-8 June 2011},
  pages        = {813--822},
  publisher    = {{ACM}},
  year         = {2011},
  url          = {https://doi.org/10.1145/1993636.1993743},
  doi          = {10.1145/1993636.1993743},
  timestamp    = {Tue, 06 Nov 2018 11:07:05 +0100},
  biburl       = {https://dblp.org/rec/conf/stoc/Smith11.bib},
  bibsource    = {dblp computer science bibliography, https://dblp.org}
}

@article{ProserpioGM14wpinq,
  author       = {Davide Proserpio and
                  Sharon Goldberg and
                  Frank McSherry},
  title        = {Calibrating Data to Sensitivity in Private Data Analysis},
  journal      = {Proc. {VLDB} Endow.},
  volume       = {7},
  number       = {8},
  pages        = {637--648},
  year         = {2014},
  url          = {http://www.vldb.org/pvldb/vol7/p637-proserpio.pdf},
  doi          = {10.14778/2732296.2732300},
  timestamp    = {Sat, 25 Apr 2020 13:58:48 +0200},
  biburl       = {https://dblp.org/rec/journals/pvldb/ProserpioGM14.bib},
  bibsource    = {dblp computer science bibliography, https://dblp.org}
}

@inproceedings{HsuRU13equilibrium,
  author       = {Justin Hsu and
                  Aaron Roth and
                  Jonathan R. Ullman},
  editor       = {Dan Boneh and
                  Tim Roughgarden and
                  Joan Feigenbaum},
  title        = {Differential privacy for the analyst via private equilibrium computation},
  booktitle    = {Symposium on Theory of Computing Conference, STOC'13, Palo Alto, CA,
                  USA, June 1-4, 2013},
  pages        = {341--350},
  publisher    = {{ACM}},
  year         = {2013},
  url          = {https://doi.org/10.1145/2488608.2488651},
  doi          = {10.1145/2488608.2488651},
  timestamp    = {Sat, 30 Sep 2023 09:57:33 +0200},
  biburl       = {https://dblp.org/rec/conf/stoc/HsuRU13.bib},
  bibsource    = {dblp computer science bibliography, https://dblp.org}
}

@article{PanSR23provenance_sec_privacy,
  author       = {Bofeng Pan and
                  Natalia Stakhanova and
                  Suprio Ray},
  title        = {Data Provenance in Security and Privacy},
  journal      = {{ACM} Comput. Surv.},
  volume       = {55},
  number       = {14s},
  pages        = {323:1--323:35},
  year         = {2023},
  url          = {https://doi.org/10.1145/3593294},
  doi          = {10.1145/3593294}
}

@inproceedings{DavidsonKMPR11provenance,
  author       = {Susan B. Davidson and
                  Sanjeev Khanna and
                  Tova Milo and
                  Debmalya Panigrahi and
                  Sudeepa Roy},
  editor       = {Maurizio Lenzerini and
                  Thomas Schwentick},
  title        = {Provenance views for module privacy},
  booktitle    = {Proceedings of the 30th {ACM} {SIGMOD-SIGACT-SIGART} Symposium on
                  Principles of Database Systems, {PODS} 2011, June 12-16, 2011, Athens,
                  Greece},
  pages        = {175--186},
  publisher    = {{ACM}},
  year         = {2011},
  url          = {https://doi.org/10.1145/1989284.1989305},
  doi          = {10.1145/1989284.1989305}
}

@article{WuTD22provenance,
  author       = {Yinjun Wu and
                  Val Tannen and
                  Susan B. Davidson},
  title        = {Provenance-based Model Maintenance: Implications for Privacy},
  journal      = {{IEEE} Data Eng. Bull.},
  volume       = {45},
  number       = {1},
  pages        = {37--49},
  year         = {2022},
  url          = {http://sites.computer.org/debull/A22mar/p37.pdf},
  timestamp    = {Tue, 17 Jan 2023 16:47:15 +0100},
  biburl       = {https://dblp.org/rec/journals/debu/WuTD22.bib},
  bibsource    = {dblp computer science bibliography, https://dblp.org}
}

@inproceedings{Ullman13answering,
  author       = {Jonathan R. Ullman},
  editor       = {Dan Boneh and
                  Tim Roughgarden and
                  Joan Feigenbaum},
  title        = {Answering n\({}_{\mbox{\{2+o(1)\}}}\) counting queries with differential
                  privacy is hard},
  booktitle    = {Symposium on Theory of Computing Conference, STOC'13, Palo Alto, CA,
                  USA, June 1-4, 2013},
  pages        = {361--370},
  publisher    = {{ACM}},
  year         = {2013},
  url          = {https://doi.org/10.1145/2488608.2488653},
  doi          = {10.1145/2488608.2488653},
  timestamp    = {Tue, 27 Oct 2020 08:09:20 +0100},
  biburl       = {https://dblp.org/rec/conf/stoc/Ullman13.bib},
  bibsource    = {dblp computer science bibliography, https://dblp.org}
}

@inproceedings{whitehouse2023fully,
  title={Fully-adaptive composition in differential privacy},
  author={Whitehouse, Justin and Ramdas, Aaditya and Rogers, Ryan and Wu, Steven},
  booktitle={International Conference on Machine Learning},
  pages={36990--37007},
  year={2023},
  organization={PMLR}
}

@inproceedings{agarwal2013blinkdb,
  title={BlinkDB: queries with bounded errors and bounded response times on very large data},
  author={Agarwal, Sameer and Mozafari, Barzan and Panda, Aurojit and Milner, Henry and Madden, Samuel and Stoica, Ion},
  booktitle={Proceedings of the 8th ACM European conference on computer systems},
  pages={29--42},
  year={2013}
}

@article{winograd2017framework,
  title={A framework for adaptive differential privacy},
  author={Winograd-Cort, Daniel and Haeberlen, Andreas and Roth, Aaron and Pierce, Benjamin C},
  journal={Proceedings of the ACM on Programming Languages},
  volume={1},
  number={ICFP},
  pages={1--29},
  year={2017},
  publisher={ACM New York, NY, USA}
}

@article{lecuyer2021odometer,
  author       = {Mathias L{\'{e}}cuyer},
  title        = {Practical Privacy Filters and Odometers with R{\'{e}}nyi Differential
                  Privacy and Applications to Differentially Private Deep Learning},
  journal      = {CoRR},
  volume       = {abs/2103.01379},
  year         = {2021},
  url          = {https://arxiv.org/abs/2103.01379},
  eprinttype    = {arXiv},
  eprint       = {2103.01379},
  timestamp    = {Thu, 04 Mar 2021 17:00:40 +0100},
  biburl       = {https://dblp.org/rec/journals/corr/abs-2103-01379.bib},
  bibsource    = {dblp computer science bibliography, https://dblp.org}
}

@inproceedings{RogersVRU16odometer,
  author       = {Ryan M. Rogers and
                  Salil P. Vadhan and
                  Aaron Roth and
                  Jonathan R. Ullman},
  editor       = {Daniel D. Lee and
                  Masashi Sugiyama and
                  Ulrike von Luxburg and
                  Isabelle Guyon and
                  Roman Garnett},
  title        = {Privacy Odometers and Filters: Pay-as-you-Go Composition},
  booktitle    = {Advances in Neural Information Processing Systems 29: Annual Conference
                  on Neural Information Processing Systems 2016, December 5-10, 2016,
                  Barcelona, Spain},
  pages        = {1921--1929},
  year         = {2016},
  url          = {https://proceedings.neurips.cc/paper/2016/hash/58c54802a9fb9526cd0923353a34a7ae-Abstract.html},
  timestamp    = {Mon, 16 May 2022 15:41:51 +0200},
  biburl       = {https://dblp.org/rec/conf/nips/RogersVRU16.bib},
  bibsource    = {dblp computer science bibliography, https://dblp.org}
}

@inproceedings{GreenT17provenance_semiring,
  author       = {Todd J. Green and
                  Val Tannen},
  editor       = {Emanuel Sallinger and
                  Jan Van den Bussche and
                  Floris Geerts},
  title        = {The Semiring Framework for Database Provenance},
  booktitle    = {Proceedings of the 36th {ACM} {SIGMOD-SIGACT-SIGAI} Symposium on Principles
                  of Database Systems, {PODS} 2017, Chicago, IL, USA, May 14-19, 2017},
  pages        = {93--99},
  publisher    = {{ACM}},
  year         = {2017},
  url          = {https://doi.org/10.1145/3034786.3056125},
  doi          = {10.1145/3034786.3056125},
  timestamp    = {Tue, 06 Nov 2018 16:58:02 +0100},
  biburl       = {https://dblp.org/rec/conf/pods/GreenT17.bib},
  bibsource    = {dblp computer science bibliography, https://dblp.org}
}

@inproceedings{GreenKT07provenance_semiring,
  author       = {Todd J. Green and
                  Gregory Karvounarakis and
                  Val Tannen},
  editor       = {Leonid Libkin},
  title        = {Provenance semirings},
  booktitle    = {Proceedings of the Twenty-Sixth {ACM} {SIGACT-SIGMOD-SIGART} Symposium
                  on Principles of Database Systems, June 11-13, 2007, Beijing, China},
  pages        = {31--40},
  publisher    = {{ACM}},
  year         = {2007},
  url          = {https://doi.org/10.1145/1265530.1265535},
  doi          = {10.1145/1265530.1265535},
  timestamp    = {Wed, 28 Nov 2018 12:57:15 +0100},
  biburl       = {https://dblp.org/rec/conf/pods/GreenKT07.bib},
  bibsource    = {dblp computer science bibliography, https://dblp.org}
}

@inproceedings{DworkNV12power_of_state,
  author       = {Cynthia Dwork and
                  Moni Naor and
                  Salil P. Vadhan},
  title        = {The Privacy of the Analyst and the Power of the State},
  booktitle    = {53rd Annual {IEEE} Symposium on Foundations of Computer Science, {FOCS}
                  2012, New Brunswick, NJ, USA, October 20-23, 2012},
  pages        = {400--409},
  publisher    = {{IEEE} Computer Society},
  year         = {2012},
  url          = {https://doi.org/10.1109/FOCS.2012.87},
  doi          = {10.1109/FOCS.2012.87},
  timestamp    = {Thu, 23 Mar 2023 23:57:54 +0100},
  biburl       = {https://dblp.org/rec/conf/focs/DworkNV12.bib},
  bibsource    = {dblp computer science bibliography, https://dblp.org}
}

@inproceedings{Ghazi0M023per_attr_DP,
  author       = {Badih Ghazi and
                  Ravi Kumar and
                  Pasin Manurangsi and
                  Thomas Steinke},
  editor       = {Yael Tauman Kalai},
  title        = {Algorithms with More Granular Differential Privacy Guarantees},
  booktitle    = {14th Innovations in Theoretical Computer Science Conference, {ITCS}
                  2023, January 10-13, 2023, MIT, Cambridge, Massachusetts, {USA}},
  series       = {LIPIcs},
  volume       = {251},
  pages        = {54:1--54:24},
  publisher    = {Schloss Dagstuhl - Leibniz-Zentrum f{\"{u}}r Informatik},
  year         = {2023},
  url          = {https://doi.org/10.4230/LIPIcs.ITCS.2023.54},
  doi          = {10.4230/LIPICS.ITCS.2023.54},
  timestamp    = {Thu, 02 Feb 2023 16:55:54 +0100},
  biburl       = {https://dblp.org/rec/conf/innovations/Ghazi0M023.bib},
  bibsource    = {dblp computer science bibliography, https://dblp.org}
}

@article{state_sgx,
  author       = {Jiankai Jin and
                  Chitchanok Chuengsatiansup and
                  Toby Murray and
                  Benjamin I. P. Rubinstein and
                  Yuval Yarom and
                  Olga Ohrimenko},
  title        = {Elephants Do Not Forget: Differential Privacy with State Continuity
                  for Privacy Budget},
  journal      = {CoRR},
  volume       = {abs/2401.17628},
  year         = {2024},
  url          = {https://doi.org/10.48550/arXiv.2401.17628},
  doi          = {10.48550/ARXIV.2401.17628},
  eprinttype    = {arXiv},
  eprint       = {2401.17628},
  timestamp    = {Wed, 07 Feb 2024 15:07:04 +0100},
  biburl       = {https://dblp.org/rec/journals/corr/abs-2401-17628.bib},
  bibsource    = {dblp computer science bibliography, https://dblp.org}
}

@article{duetsgx,
  author       = {Phillip Nguyen and
                  Alex Silence and
                  David Darais and
                  Joseph P. Near},
  title        = {DuetSGX: Differential Privacy with Secure Hardware},
  journal      = {CoRR},
  volume       = {abs/2010.10664},
  year         = {2020},
  url          = {https://arxiv.org/abs/2010.10664},
  eprinttype    = {arXiv},
  eprint       = {2010.10664},
  timestamp    = {Mon, 26 Oct 2020 15:39:44 +0100},
  biburl       = {https://dblp.org/rec/journals/corr/abs-2010-10664.bib},
  bibsource    = {dblp computer science bibliography, https://dblp.org}
}